1529701761,671005.000000000000,0.300000000000
1529701761,671005.000000000000,0.050000000000
1529701761,671005.000000000000,0.250000000000
1529701761,671005.000000000000,1.000000000000
1529701761,671020.000000000000,0.019900000000
1529701764,671005.000000000000,0.200000000000
1529701765,671005.000000000000,0.093100000000
1529701765,671005.000000000000,0.000400000000
1529701765,671000.000000000000,0.001400000000
1529701765,671000.000000000000,0.004000000000
1529701765,671000.000000000000,0.010000000000
1529701765,671000.000000000000,0.000100000000
1529701765,671000.000000000000,0.001200000000
1529701765,671000.000000000000,0.000100000000
1529701765,671000.000000000000,0.000400000000
1529701765,671000.000000000000,0.095000000000
1529701765,670550.000000000000,0.010000000000
1529701765,670500.000000000000,0.001000000000
1529701765,670500.000000000000,0.000400000000
1529701765,670500.000000000000,0.382900000000
1529701767,670500.000000000000,0.010000000000
1529701769,670500.000000000000,0.049000000000
1529701770,670500.000000000000,0.200000000000
1529701771,671005.000000000000,0.045500000000
1529701773,670500.000000000000,0.200000000000
1529701778,670510.000000000000,0.006000000000
1529701778,670510.000000000000,0.004000000000
1529701778,670500.000000000000,0.158100000000
1529701779,670100.000000000000,0.000400000000
1529701779,670100.000000000000,0.010000000000
1529701780,670100.000000000000,0.139600000000
1529701780,670025.000000000000,0.050000000000
1529701780,670010.000000000000,0.100000000000
1529701780,670005.000000000000,0.010000000000
1529701780,670005.000000000000,0.011900000000
1529701780,670005.000000000000,0.002000000000
1529701780,670005.000000000000,0.000400000000
1529701780,670000.000000000000,0.001000000000
1529701780,670000.000000000000,0.020000000000
1529701780,670000.000000000000,0.001400000000
1529701780,670000.000000000000,0.000400000000
1529701780,670000.000000000000,0.100000000000
1529701780,670000.000000000000,0.014000000000
1529701780,670000.000000000000,0.014000000000
1529701780,670000.000000000000,0.014000000000
1529701780,670000.000000000000,0.004000000000
1529701780,670000.000000000000,0.015000000000
1529701780,670000.000000000000,0.001000000000
1529701780,670000.000000000000,0.029900000000
1529701780,670000.000000000000,0.010000000000
1529701780,670000.000000000000,0.010000000000
1529701780,670000.000000000000,0.010000000000
1529701780,670000.000000000000,0.000400000000
1529701780,670000.000000000000,0.001300000000
1529701780,670000.000000000000,0.010000000000
1529701780,670000.000000000000,0.004500000000
1529701780,670000.000000000000,0.100000000000
1529701780,670000.000000000000,0.010000000000
1529701780,670000.000000000000,0.010000000000
1529701780,670000.000000000000,0.305200000000
1529701781,670000.000000000000,0.010000000000
1529701785,670105.000000000000,0.050000000000
1529701785,670000.000000000000,0.110700000000
1529701785,670000.000000000000,0.000100000000
1529701785,670000.000000000000,0.022400000000
1529701785,670000.000000000000,0.007500000000
1529701785,670000.000000000000,0.007500000000
1529701785,670000.000000000000,0.001200000000
1529701785,670000.000000000000,0.045000000000
1529701785,670000.000000000000,0.079500000000
1529701785,670100.000000000000,0.010000000000
1529701787,670000.000000000000,0.020500000000
1529701787,670000.000000000000,0.023000000000
1529701787,670000.000000000000,0.005400000000
1529701789,670000.000000000000,0.008000000000
1529701789,670000.000000000000,0.002000000000
1529701795,670005.000000000000,0.050000000000
1529701795,670000.000000000000,0.050000000000
1529701795,670085.000000000000,0.018100000000
1529701795,670100.000000000000,0.139600000000
1529701795,670100.000000000000,0.139600000000
1529701795,670100.000000000000,0.128900000000
1529701796,670005.000000000000,0.010000000000
1529701796,670100.000000000000,0.010000000000
1529701796,670005.000000000000,0.040000000000
1529701796,670000.000000000000,0.128000000000
1529701796,670000.000000000000,0.005300000000
1529701796,670000.000000000000,0.155000000000
1529701796,670000.000000000000,0.001000000000
1529701796,670000.000000000000,0.014900000000
1529701796,670000.000000000000,0.100000000000
1529701796,670000.000000000000,0.100000000000
1529701796,670000.000000000000,0.002000000000
1529701796,670000.000000000000,0.002000000000
1529701796,670000.000000000000,0.010000000000
1529701796,670000.000000000000,0.082200000000
1529701797,670000.000000000000,0.217800000000
1529701797,670000.000000000000,0.010000000000
1529701797,670000.000000000000,0.100000000000
1529701797,670000.000000000000,0.200000000000
1529701797,670000.000000000000,0.000500000000
1529701797,670000.000000000000,0.010000000000
1529701797,670000.000000000000,0.100000000000
1529701797,670000.000000000000,0.000800000000
1529701797,670000.000000000000,0.063700000000
1529701797,670000.000000000000,0.010000000000
1529701797,670000.000000000000,0.001000000000
1529701797,670000.000000000000,0.010000000000
1529701797,670000.000000000000,0.010000000000
1529701797,670000.000000000000,0.001000000000
1529701797,670000.000000000000,0.050000000000
1529701797,670000.000000000000,0.200000000000
1529701797,670000.000000000000,0.000200000000
1529701797,670000.000000000000,0.040000000000
1529701797,670000.000000000000,0.100000000000
1529701797,670000.000000000000,1.000000000000
1529701797,670000.000000000000,0.027600000000
1529701797,670000.000000000000,0.003000000000
1529701797,670000.000000000000,0.010000000000
1529701797,670000.000000000000,0.400000000000
1529701797,670000.000000000000,0.000500000000
1529701797,670000.000000000000,0.002000000000
1529701797,670000.000000000000,0.000100000000
1529701797,670000.000000000000,0.010000000000
1529701797,670000.000000000000,0.149200000000
1529701797,670000.000000000000,0.074600000000
1529701797,670000.000000000000,0.050000000000
1529701797,670000.000000000000,0.148000000000
1529701799,670000.000000000000,0.500000000000
1529701802,670000.000000000000,0.100000000000
1529701810,670095.000000000000,0.210000000000
1529701810,670100.000000000000,0.000700000000
1529701810,670100.000000000000,0.139600000000
1529701810,670100.000000000000,0.139600000000
1529701810,670100.000000000000,0.010100000000
1529701810,670000.000000000000,1.000000000000
1529701811,670100.000000000000,0.500000000000
1529701811,670000.000000000000,0.016400000000
1529701812,670000.000000000000,0.020000000000
1529701812,670000.000000000000,0.064500000000
1529701812,670005.000000000000,0.265000000000
1529701817,670005.000000000000,0.010000000000
1529701819,670095.000000000000,0.053800000000
1529701819,670095.000000000000,0.125300000000
1529701821,670005.000000000000,0.025000000000
1529701821,670005.000000000000,0.010000000000
1529701821,670005.000000000000,0.050000000000
1529701821,670005.000000000000,0.010000000000
1529701821,670005.000000000000,0.050000000000
1529701821,670000.000000000000,0.151100000000
1529701821,670000.000000000000,0.001000000000
1529701821,670000.000000000000,0.079800000000
1529701821,670000.000000000000,0.020200000000
1529701821,670000.000000000000,0.500000000000
1529701821,670000.000000000000,0.001400000000
1529701821,670000.000000000000,0.002100000000
1529701821,670000.000000000000,0.476300000000
1529701827,670095.000000000000,0.112600000000
1529701828,670005.000000000000,0.050000000000
1529701828,670005.000000000000,0.095000000000
1529701828,670095.000000000000,0.024000000000
1529701828,670000.000000000000,1.923700000000
1529701828,670000.000000000000,0.100000000000
1529701828,670000.000000000000,0.100000000000
1529701828,670000.000000000000,0.010000000000
1529701828,670000.000000000000,0.200000000000
1529701828,670000.000000000000,0.000300000000
1529701828,670000.000000000000,0.023000000000
1529701828,670005.000000000000,0.095000000000
1529701828,670095.000000000000,0.705000000000
1529701828,670010.000000000000,0.050000000000
1529701828,670095.000000000000,0.017100000000
1529701835,670010.000000000000,0.009800000000
1529701836,670010.000000000000,0.007000000000
1529701837,670095.000000000000,0.600000000000
1529701837,670095.000000000000,0.500000000000
1529701837,670095.000000000000,0.003000000000
1529701837,670095.000000000000,0.223800000000
1529701840,670010.000000000000,0.010000000000
1529701842,670060.000000000000,0.030000000000
1529701842,670090.000000000000,0.070000000000
1529701842,670090.000000000000,0.025000000000
1529701842,670095.000000000000,0.015000000000
1529701842,670095.000000000000,0.096000000000
1529701842,670095.000000000000,0.218700000000
1529701842,670095.000000000000,0.010000000000
1529701842,670095.000000000000,0.295700000000
1529701842,670150.000000000000,0.010000000000
1529701842,670490.000000000000,0.144300000000
1529701842,670490.000000000000,0.005300000000
1529701848,670190.000000000000,0.144300000000
1529701848,670190.000000000000,0.005300000000
1529701848,670015.000000000000,0.050000000000
1529701848,670015.000000000000,0.010000000000
1529701848,670015.000000000000,0.010000000000
1529701848,670010.000000000000,0.023200000000
1529701848,670005.000000000000,0.050000000000
1529701848,670005.000000000000,0.500000000000
1529701848,670000.000000000000,0.107000000000
1529701848,670000.000000000000,0.021300000000
1529701848,670000.000000000000,0.078900000000
1529701848,670490.000000000000,0.010000000000
1529701848,670190.000000000000,0.010000000000
1529701848,670090.000000000000,0.780000000000
1529701848,670090.000000000000,0.197800000000
1529701848,670090.000000000000,0.008200000000
1529701848,670090.000000000000,0.004000000000
1529701848,670490.000000000000,0.140400000000
1529701848,670495.000000000000,0.000400000000
1529701848,670495.000000000000,0.002000000000
1529701848,670500.000000000000,0.050000000000
1529701848,670500.000000000000,0.002800000000
1529701848,670995.000000000000,0.143400000000
1529701848,671000.000000000000,0.001400000000
1529701848,671000.000000000000,0.007300000000
1529701848,671005.000000000000,0.004500000000
1529701848,671495.000000000000,0.000400000000
1529701848,671860.000000000000,0.143400000000
1529701848,670190.000000000000,0.033200000000
1529701848,670190.000000000000,0.033200000000
1529701848,671860.000000000000,0.010000000000
1529701854,670190.000000000000,0.000500000000
1529701854,670190.000000000000,0.073500000000
1529701854,670190.000000000000,0.010000000000
1529701854,670190.000000000000,0.016500000000
1529701854,670490.000000000000,0.105800000000
1529701854,670190.000000000000,0.100000000000
1529701854,670190.000000000000,0.031100000000
1529701854,670195.000000000000,0.018900000000
1529701854,670015.000000000000,0.006000000000
1529701854,670000.000000000000,0.259400000000
1529701854,671860.000000000000,0.006600000000
1529701854,672000.000000000000,0.013400000000
1529701854,670190.000000000000,0.020000000000
1529701854,670190.000000000000,0.129600000000
1529701854,672000.000000000000,0.020000000000
1529701854,670495.000000000000,0.050000000000
1529701862,670495.000000000000,0.031800000000
1529701862,672000.000000000000,0.066600000000
1529701862,672000.000000000000,0.001400000000
1529701862,672005.000000000000,0.010000000000
1529701862,672055.000000000000,0.010000000000
1529701862,673000.000000000000,0.000400000000
1529701862,673000.000000000000,0.001100000000
1529701862,673055.000000000000,0.010000000000
1529701862,673500.000000000000,0.000400000000
1529701862,673555.000000000000,0.008500000000
1529701862,673970.000000000000,0.080000000000
1529701862,673995.000000000000,0.000400000000
1529701862,674000.000000000000,0.050000000000
1529701862,674000.000000000000,0.010000000000
1529701862,674000.000000000000,0.000400000000
1529701862,674000.000000000000,0.001500000000
1529701862,674495.000000000000,0.000400000000
1529701862,674600.000000000000,0.012600000000
1529701863,673500.000000000000,0.000400000000
1529701863,673000.000000000000,0.000400000000
1529701863,672000.000000000000,0.000100000000
1529701863,671865.000000000000,0.049000000000
1529701863,671190.000000000000,0.005000000000
1529701863,670495.000000000000,0.245100000000
1529701863,673970.000000000000,0.030000000000
1529701863,670495.000000000000,0.044000000000
1529701863,670495.000000000000,0.050000000000
1529701863,674600.000000000000,0.010000000000
1529701863,670495.000000000000,0.000400000000
1529701863,670495.000000000000,0.006000000000
1529701863,670495.000000000000,0.033000000000
1529701871,670495.000000000000,0.036100000000
1529701871,670490.000000000000,0.020000000000
1529701871,670210.000000000000,0.000300000000
1529701871,670200.000000000000,0.010000000000
1529701871,670200.000000000000,0.050000000000
1529701871,670185.000000000000,0.000400000000
1529701871,670185.000000000000,0.000400000000
1529701871,670185.000000000000,0.000100000000
1529701871,670185.000000000000,0.049000000000
1529701871,670185.000000000000,0.005000000000
1529701871,670185.000000000000,0.245100000000
1529701871,670095.000000000000,0.000100000000
1529701871,670020.000000000000,0.010000000000
1529701871,670005.000000000000,0.050000000000
1529701871,670000.000000000000,0.523500000000
1529701873,670195.000000000000,0.100000000000
1529701874,671995.000000000000,0.030000000000
1529701874,671170.000000000000,0.196600000000
1529701874,671170.000000000000,0.203400000000
1529701874,670515.000000000000,0.066300000000
1529701882,670515.000000000000,0.033700000000
1529701882,670505.000000000000,0.010000000000
1529701882,670195.000000000000,0.358500000000
1529701885,670195.000000000000,0.375100000000
1529701885,670005.000000000000,0.067500000000
1529701885,670000.000000000000,0.557400000000
1529701885,670515.000000000000,0.033700000000
1529701885,671985.000000000000,0.070000000000
1529701885,671990.000000000000,0.030000000000
1529701885,670520.000000000000,0.015300000000
1529701885,670515.000000000000,0.010000000000
1529701885,670515.000000000000,0.030000000000
1529701885,670515.000000000000,0.010000000000
1529701885,670515.000000000000,0.002100000000
1529701885,670515.000000000000,0.033700000000
1529701885,670515.000000000000,0.044200000000
1529701886,670000.000000000000,0.216200000000
1529701886,670000.000000000000,0.112600000000
1529701886,670515.000000000000,0.023200000000
1529701886,670515.000000000000,0.033700000000
1529701886,670515.000000000000,0.030000000000
1529701886,670515.000000000000,0.012100000000
1529701886,670190.000000000000,0.020000000000
1529701886,670190.000000000000,0.249700000000
1529701886,670515.000000000000,0.021600000000
1529701886,670515.000000000000,0.033700000000
1529701886,670515.000000000000,0.033700000000
1529701892,671985.000000000000,0.040000000000
1529701892,671985.000000000000,0.260000000000
1529701892,671985.000000000000,0.040000000000
1529701892,671525.000000000000,0.050000000000
1529701892,671985.000000000000,0.073000000000
1529701892,671990.000000000000,0.027000000000
1529701893,671525.000000000000,0.011300000000
1529701893,670005.000000000000,0.018700000000
1529701893,671985.000000000000,0.112500000000
1529701893,671945.000000000000,0.030000000000
1529701893,671685.000000000000,0.045700000000
1529701893,671685.000000000000,0.066800000000
1529701893,670520.000000000000,0.233200000000
1529701893,671985.000000000000,0.100000000000
1529701894,671685.000000000000,0.100000000000
1529701894,671525.000000000000,0.010000000000
1529701894,670520.000000000000,0.397800000000
1529701894,670515.000000000000,0.100000000000
1529701894,670005.000000000000,0.125000000000
1529701894,670005.000000000000,0.050000000000
1529701894,670005.000000000000,0.010000000000
1529701894,670005.000000000000,0.010000000000
1529701894,670000.000000000000,0.307200000000
1529701895,670520.000000000000,0.001600000000
1529701897,670515.000000000000,0.833600000000
1529701898,670520.000000000000,0.698400000000
1529701898,671000.000000000000,0.201600000000
1529701898,670525.000000000000,0.010000000000
1529701898,670515.000000000000,0.166400000000
1529701898,670025.000000000000,0.160000000000
1529701898,670005.000000000000,0.446800000000
1529701898,670520.000000000000,0.020000000000
1529701899,670520.000000000000,0.015000000000
1529701899,670520.000000000000,0.015000000000
1529701899,671525.000000000000,0.085000000000
1529701900,670525.000000000000,0.027000000000
1529701900,670005.000000000000,0.473000000000
1529701905,670005.000000000000,0.080200000000
1529701905,670000.000000000000,0.919800000000
1529701906,671445.000000000000,0.040000000000
1529701907,671445.000000000000,0.060000000000
1529701907,671525.000000000000,0.074700000000
1529701907,671525.000000000000,0.061300000000
1529701907,671760.000000000000,0.169400000000
1529701907,671005.000000000000,0.010000000000
1529701907,671005.000000000000,0.040000000000
1529701907,671325.000000000000,0.010000000000
1529701907,671325.000000000000,0.001000000000
1529701907,671325.000000000000,0.042800000000
1529701907,671325.000000000000,0.072900000000
1529701912,671010.000000000000,0.010000000000
1529701913,671325.000000000000,0.020000000000
1529701913,671325.000000000000,0.032400000000
1529701913,671520.000000000000,0.067600000000
1529701913,671520.000000000000,0.013000000000
1529701913,671520.000000000000,0.010000000000
1529701913,671520.000000000000,0.209400000000
1529701918,671865.000000000000,0.013900000000
1529701918,671220.000000000000,0.067600000000
1529701918,671220.000000000000,0.013000000000
1529701918,671220.000000000000,0.010000000000
1529701918,671220.000000000000,0.209400000000
1529701918,671010.000000000000,0.010000000000
1529701918,671005.000000000000,0.010000000000
1529701918,671005.000000000000,0.010000000000
1529701918,671005.000000000000,0.010000000000
1529701918,670540.000000000000,0.410000000000
1529701918,670170.000000000000,0.236100000000
1529701918,671325.000000000000,0.000500000000
1529701918,671015.000000000000,0.010000000000
1529701918,671015.000000000000,0.010000000000
1529701927,671325.000000000000,0.099500000000
1529701927,671865.000000000000,0.000500000000
1529701927,671865.000000000000,0.013400000000
1529701927,671995.000000000000,0.026600000000
1529701927,671995.000000000000,0.010000000000
1529701932,671540.000000000000,0.000300000000
1529701932,671500.000000000000,0.190600000000
1529701935,671500.000000000000,0.112500000000
1529701935,671540.000000000000,0.000300000000
1529701935,671540.000000000000,0.000300000000
1529701935,671550.000000000000,0.000300000000
1529701935,671550.000000000000,0.000300000000
1529701935,671550.000000000000,0.000300000000
1529701935,671550.000000000000,0.000300000000
1529701935,671550.000000000000,0.014200000000
1529701935,671500.000000000000,0.185800000000
1529701935,671540.000000000000,0.000300000000
1529701935,671890.000000000000,0.099700000000
1529701939,671540.000000000000,0.000300000000
1529701939,671855.000000000000,0.019700000000
1529701939,671500.000000000000,0.999000000000
1529701943,671505.000000000000,0.010000000000
1529701943,671505.000000000000,0.050000000000
1529701943,671500.000000000000,0.280000000000
1529701944,671500.000000000000,0.500000000000
1529701944,671500.000000000000,0.014200000000
1529701944,671500.000000000000,0.269700000000
1529701944,671500.000000000000,0.000500000000
1529701945,671535.000000000000,0.006000000000
1529701945,671550.000000000000,0.014000000000
1529701945,671500.000000000000,0.410000000000
1529701949,671500.000000000000,0.010000000000
1529701949,671500.000000000000,0.100000000000
1529701950,671505.000000000000,0.050000000000
1529701950,671505.000000000000,0.010000000000
1529701956,671505.000000000000,0.050000000000
1529701956,671505.000000000000,0.010000000000
1529701956,671505.000000000000,0.026600000000
1529701956,671505.000000000000,0.014000000000
1529701956,671505.000000000000,0.019400000000
1529701956,671545.000000000000,0.400000000000
1529701956,671545.000000000000,0.002600000000
1529701957,671545.000000000000,0.027400000000
1529701957,671545.000000000000,0.034600000000
1529701957,671545.000000000000,0.062000000000
1529701957,671545.000000000000,0.013400000000
1529701957,671550.000000000000,0.014400000000
1529701957,671855.000000000000,0.000200000000
1529701957,671865.000000000000,0.022600000000
1529701957,671880.000000000000,0.020000000000
1529701957,671885.000000000000,0.129400000000
1529701957,671515.000000000000,0.400000000000
1529701957,671505.000000000000,0.010000000000
1529701957,671500.000000000000,0.180000000000
1529701959,671870.000000000000,0.400000000000
1529701959,671885.000000000000,0.120600000000
1529701959,671885.000000000000,0.050100000000
1529701959,671885.000000000000,0.050000000000
1529701959,671890.000000000000,0.060300000000
1529701961,671900.000000000000,0.010000000000
1529701964,671900.000000000000,0.001700000000
1529701964,671900.000000000000,0.010000000000
1529701964,671945.000000000000,0.010000000000
1529701964,672000.000000000000,0.102300000000
1529701964,671900.000000000000,0.069900000000
1529701964,672000.000000000000,0.700000000000
1529701964,672000.000000000000,0.197700000000
1529701964,672045.000000000000,0.010000000000
1529701964,672370.000000000000,0.142300000000
1529701964,671900.000000000000,0.657700000000
1529701964,671900.000000000000,0.450000000000
1529701966,672220.000000000000,0.300000000000
1529701968,672220.000000000000,0.009600000000
1529701970,672225.000000000000,0.017100000000
1529701971,672495.000000000000,0.000500000000
1529701971,672500.000000000000,0.000500000000
1529701971,672990.000000000000,0.002500000000
1529701971,673000.000000000000,0.057300000000
1529701971,673000.000000000000,0.242700000000
1529701971,673255.000000000000,0.357300000000
1529701972,672225.000000000000,0.032900000000
1529701972,672225.000000000000,0.010000000000
1529701972,672225.000000000000,0.010000000000
1529701972,672225.000000000000,0.050000000000
1529701972,672225.000000000000,0.006100000000
1529701979,672500.000000000000,0.232800000000
1529701980,673255.000000000000,0.092700000000
1529701980,673260.000000000000,0.117100000000
1529701980,673355.000000000000,0.032700000000
1529701980,673275.000000000000,0.000300000000
1529701980,673260.000000000000,0.199800000000
1529701980,673500.000000000000,0.600000000000
1529701984,673260.000000000000,0.129400000000
1529701984,673255.000000000000,0.017100000000
1529701984,672500.000000000000,0.353500000000
1529701986,672500.000000000000,0.108900000000
1529702000,673265.000000000000,0.010000000000
1529702000,673265.000000000000,0.050000000000
1529702000,673265.000000000000,0.010000000000
1529702000,672500.000000000000,0.030000000000
1529702003,673265.000000000000,0.014000000000
1529702003,673500.000000000000,0.209200000000
1529702003,673500.000000000000,0.388800000000
1529702004,673270.000000000000,0.000500000000
1529702004,673270.000000000000,0.063300000000
1529702004,673270.000000000000,0.006700000000
1529702004,673270.000000000000,0.000100000000
1529702007,673315.000000000000,0.004000000000
1529702007,673270.000000000000,0.043200000000
1529702007,673270.000000000000,0.010000000000
1529702007,673270.000000000000,0.050000000000
1529702007,673000.000000000000,0.462200000000
1529702011,673495.000000000000,0.050000000000
1529702011,673500.000000000000,0.161200000000
1529702011,673500.000000000000,0.768200000000
1529702015,673275.000000000000,0.050000000000
1529702015,673000.000000000000,0.062300000000
1529702015,673320.000000000000,0.004000000000
1529702021,673320.000000000000,0.006000000000
1529702021,673320.000000000000,0.010000000000
1529702021,673275.000000000000,0.050000000000
1529702021,673275.000000000000,0.049600000000
1529702021,673495.000000000000,0.020000000000
1529702021,673500.000000000000,0.031800000000
1529702021,673555.000000000000,0.010000000000
1529702021,673970.000000000000,0.077100000000
1529702021,674000.000000000000,0.001600000000
1529702021,674000.000000000000,0.336000000000
1529702021,673495.000000000000,0.020000000000
1529702021,673495.000000000000,0.082900000000
1529702025,673505.000000000000,0.150000000000
1529702025,673505.000000000000,0.016000000000
1529702025,673505.000000000000,0.016000000000
1529702026,673505.000000000000,0.024000000000
1529702026,673505.000000000000,0.016000000000
1529702026,673505.000000000000,0.009200000000
1529702026,673325.000000000000,0.006800000000
1529702026,673325.000000000000,0.003200000000
1529702026,673275.000000000000,0.000400000000
1529702026,673275.000000000000,0.050000000000
1529702026,673275.000000000000,0.060000000000
1529702026,673060.000000000000,0.018100000000
1529702026,673000.000000000000,0.318300000000
1529702032,673495.000000000000,0.017100000000
1529702032,673510.000000000000,0.052800000000
1529702032,673000.000000000000,0.183300000000
1529702033,673515.000000000000,0.016000000000
1529702034,673495.000000000000,0.084000000000
1529702036,673500.000000000000,0.038000000000
1529702036,673500.000000000000,0.009600000000
1529702036,673315.000000000000,0.019900000000
1529702036,673315.000000000000,0.010100000000
1529702036,673000.000000000000,0.154400000000
1529702040,673275.000000000000,0.010000000000
1529702040,673275.000000000000,0.010000000000
1529702040,673000.000000000000,0.019500000000
1529702040,672500.000000000000,0.042500000000
1529702040,673275.000000000000,0.010000000000
1529702040,672500.000000000000,0.062000000000
1529702040,673275.000000000000,0.050000000000
1529702040,673275.000000000000,0.050000000000
1529702040,673275.000000000000,0.010000000000
1529702047,673000.000000000000,0.000300000000
1529702047,673000.000000000000,0.000500000000
1529702051,673000.000000000000,0.018700000000
1529702054,673000.000000000000,0.100000000000
1529702059,673000.000000000000,0.010000000000
1529702066,673000.000000000000,0.044900000000
1529702070,673100.000000000000,0.124900000000
1529702070,673010.000000000000,0.016000000000
1529702070,673000.000000000000,0.559100000000
1529702070,673000.000000000000,0.350000000000
1529702071,673000.000000000000,0.077100000000
1529702071,673000.000000000000,0.050000000000
1529702075,673005.000000000000,0.010000000000
1529702075,673005.000000000000,0.050000000000
1529702075,673005.000000000000,0.020000000000
1529702076,673165.000000000000,0.055000000000
1529702076,673170.000000000000,0.004000000000
1529702078,673170.000000000000,0.100000000000
1529702079,673170.000000000000,0.001200000000
1529702079,673005.000000000000,0.030000000000
1529702079,673005.000000000000,0.010000000000
1529702079,673005.000000000000,0.008800000000
1529702080,673005.000000000000,0.041200000000
1529702080,673005.000000000000,0.010000000000
1529702080,673000.000000000000,0.083900000000
1529702083,673000.000000000000,0.100000000000
1529702085,673315.000000000000,0.030000000000
1529702085,673330.000000000000,0.010000000000
1529702085,673385.000000000000,0.016000000000
1529702085,673385.000000000000,0.100000000000
1529702085,673385.000000000000,0.001200000000
1529702085,673385.000000000000,1.512100000000
1529702085,673385.000000000000,0.001200000000
1529702085,673385.000000000000,0.001200000000
1529702085,673385.000000000000,0.069900000000
1529702085,673385.000000000000,0.001200000000
1529702085,673385.000000000000,0.001200000000
1529702085,673385.000000000000,0.001200000000
1529702085,673495.000000000000,0.000500000000
1529702085,673505.000000000000,0.009100000000
1529702085,673385.000000000000,0.001200000000
1529702085,673385.000000000000,0.001200000000
1529702085,673385.000000000000,0.001200000000
1529702085,673385.000000000000,0.001200000000
1529702086,673385.000000000000,0.001200000000
1529702087,673385.000000000000,0.170000000000
1529702087,673385.000000000000,0.009600000000
1529702093,673390.000000000000,0.010000000000
1529702093,673390.000000000000,0.008100000000
1529702098,673390.000000000000,0.041900000000
1529702098,673390.000000000000,0.050000000000
1529702098,673390.000000000000,0.010000000000
1529702098,673385.000000000000,0.049200000000
1529702098,673385.000000000000,1.598900000000
1529702098,673385.000000000000,0.381100000000
1529702098,673385.000000000000,0.050000000000
1529702102,673335.000000000000,0.000300000000
1529702102,673335.000000000000,0.065000000000
1529702102,673310.000000000000,0.400000000000
1529702102,673000.000000000000,0.200000000000
1529702104,673000.000000000000,0.050000000000
1529702105,673000.000000000000,0.010000000000
1529702110,673000.000000000000,0.223000000000
1529702110,673000.000000000000,0.020000000000
1529702110,673325.000000000000,0.000400000000
1529702110,673010.000000000000,0.010000000000
1529702117,673010.000000000000,0.005000000000
1529702117,673010.000000000000,0.001000000000
1529702117,673000.000000000000,0.203300000000
1529702117,673000.000000000000,0.018700000000
1529702118,673010.000000000000,0.000400000000
1529702119,673010.000000000000,0.005600000000
1529702119,673010.000000000000,0.004400000000
1529702125,673005.000000000000,0.010000000000
1529702126,673005.000000000000,0.040000000000
1529702126,673000.000000000000,0.181300000000
1529702126,673000.000000000000,0.001600000000
1529702126,673000.000000000000,0.027100000000
1529702126,673010.000000000000,0.000500000000
1529702127,673005.000000000000,0.010000000000
1529702127,673010.000000000000,0.000800000000
1529702127,673010.000000000000,0.000300000000
1529702127,673010.000000000000,0.006000000000
1529702127,673010.000000000000,0.006000000000
1529702127,673010.000000000000,0.006000000000
1529702127,673010.000000000000,0.006000000000
1529702127,673010.000000000000,0.001300000000
1529702127,673000.000000000000,0.010000000000
1529702127,673005.000000000000,0.048700000000
1529702127,673010.000000000000,0.001300000000
1529702127,673010.000000000000,0.010000000000
1529702127,673005.000000000000,0.038700000000
1529702128,673315.000000000000,0.069900000000
1529702128,673325.000000000000,0.143300000000
1529702128,673325.000000000000,0.215700000000
1529702128,673010.000000000000,0.011300000000
1529702128,673010.000000000000,0.050000000000
1529702133,673000.000000000000,0.001300000000
1529702133,673000.000000000000,0.061600000000
1529702133,673000.000000000000,0.002900000000
1529702133,672715.000000000000,0.020000000000
1529702134,672505.000000000000,0.000500000000
1529702134,672710.000000000000,0.011300000000
1529702134,672995.000000000000,0.000500000000
1529702134,673005.000000000000,0.058100000000
1529702134,673005.000000000000,0.011900000000
1529702134,673010.000000000000,0.004100000000
1529702134,672500.000000000000,0.005000000000
1529702138,673000.000000000000,0.065800000000
1529702139,672500.000000000000,0.050000000000
1529702140,672500.000000000000,1.543000000000
1529702140,672995.000000000000,0.497000000000
1529702140,673000.000000000000,0.184200000000
1529702140,673000.000000000000,0.318800000000
1529702143,672500.000000000000,0.154400000000
1529702143,672500.000000000000,0.200000000000
1529702144,672500.000000000000,0.095100000000
1529702144,672500.000000000000,0.074300000000
1529702150,672160.000000000000,0.022400000000
1529702150,672000.000000000000,0.000500000000
1529702150,672000.000000000000,0.001500000000
1529702151,672160.000000000000,0.200800000000
1529702151,672240.000000000000,0.249200000000
1529702159,672240.000000000000,0.050000000000
1529702160,672300.000000000000,0.050000000000
1529702160,672300.000000000000,0.010000000000
1529702165,672305.000000000000,0.050000000000
1529702165,672305.000000000000,0.010000000000
1529702165,672305.000000000000,0.010000000000
1529702165,672300.000000000000,0.062800000000
1529702166,672305.000000000000,0.002000000000
1529702170,672305.000000000000,0.008000000000
1529702170,672305.000000000000,0.050000000000
1529702170,672305.000000000000,0.050000000000
1529702170,672305.000000000000,0.050000000000
1529702170,672305.000000000000,0.050000000000
1529702170,672305.000000000000,0.010000000000
1529702170,672305.000000000000,0.010000000000
1529702170,672305.000000000000,0.010000000000
1529702170,672300.000000000000,0.277200000000
1529702170,672245.000000000000,0.010000000000
1529702170,672245.000000000000,0.050000000000
1529702170,672245.000000000000,0.010000000000
1529702170,672245.000000000000,0.050000000000
1529702170,672225.000000000000,0.400000000000
1529702170,672020.000000000000,0.000300000000
1529702170,672010.000000000000,0.010000000000
1529702170,672010.000000000000,0.010000000000
1529702170,672005.000000000000,0.010000000000
1529702170,672005.000000000000,0.000500000000
1529702170,672000.000000000000,0.053800000000
1529702170,672000.000000000000,0.100000000000
1529702170,671900.000000000000,8.119700000000
1529702170,671855.000000000000,0.118500000000
1529702170,671575.000000000000,0.160000000000
1529702170,671505.000000000000,0.000400000000
1529702170,671500.000000000000,6.747700000000
1529702170,671500.000000000000,0.170000000000
1529702170,671500.000000000000,0.000500000000
1529702170,670505.000000000000,0.000400000000
1529702170,670500.000000000000,0.000500000000
1529702170,670500.000000000000,1.000000000000
1529702170,670055.000000000000,0.100000000000
1529702170,670035.000000000000,0.210000000000
1529702170,670035.000000000000,0.073000000000
1529702170,670030.000000000000,0.372000000000
1529702170,670030.000000000000,0.313000000000
1529702170,670010.000000000000,1.394500000000
1529702171,670995.000000000000,0.000400000000
1529702171,671995.000000000000,0.000400000000
1529702171,672310.000000000000,0.050000000000
1529702171,672310.000000000000,0.010000000000
1529702171,672310.000000000000,0.040000000000
1529702171,672310.000000000000,0.050000000000
1529702171,672310.000000000000,0.010000000000
1529702171,672305.000000000000,0.049200000000
1529702171,670300.000000000000,0.050000000000
1529702180,670300.000000000000,0.250800000000
1529702180,672490.000000000000,0.050000000000
1529702180,672495.000000000000,0.000500000000
1529702180,672500.000000000000,0.010000000000
1529702180,672500.000000000000,0.010000000000
1529702180,672500.000000000000,0.169400000000
1529702180,672515.000000000000,0.010000000000
1529702180,672575.000000000000,0.020000000000
1529702180,672800.000000000000,0.079300000000
1529702184,670990.000000000000,0.062000000000
1529702186,670640.000000000000,0.034000000000
1529702187,670990.000000000000,0.086300000000
1529702187,670990.000000000000,0.061700000000
1529702187,671745.000000000000,0.040000000000
1529702187,671745.000000000000,0.010000000000
1529702188,671345.000000000000,0.400000000000
1529702191,671745.000000000000,0.023000000000
1529702191,671860.000000000000,0.044900000000
1529702191,671990.000000000000,0.030000000000
1529702192,672310.000000000000,0.020000000000
1529702196,671990.000000000000,0.300000000000
1529702196,671990.000000000000,0.052100000000
1529702196,671990.000000000000,0.062000000000
1529702196,671350.000000000000,0.010000000000
1529702196,671350.000000000000,0.050000000000
1529702196,671350.000000000000,0.010000000000
1529702196,671100.000000000000,0.424000000000
1529702196,670990.000000000000,0.148000000000
1529702196,670685.000000000000,0.300000000000
1529702196,670655.000000000000,0.090000000000
1529702196,670645.000000000000,0.050000000000
1529702196,670645.000000000000,0.010000000000
1529702196,670645.000000000000,0.050000000000
1529702196,670640.000000000000,0.189700000000
1529702196,670640.000000000000,0.100000000000
1529702196,670640.000000000000,0.010000000000
1529702197,670640.000000000000,0.010000000000
1529702197,670640.000000000000,0.000400000000
1529702197,670640.000000000000,0.050000000000
1529702197,670640.000000000000,0.010000000000
1529702198,670640.000000000000,0.730800000000
1529702200,670640.000000000000,0.300000000000
1529702202,670640.000000000000,0.100000000000
1529702202,670640.000000000000,0.100000000000
1529702203,670975.000000000000,0.000500000000
1529702203,670640.000000000000,0.157800000000
1529702203,670550.000000000000,0.222800000000
1529702203,670550.000000000000,0.392200000000
1529702203,670635.000000000000,0.030000000000
1529702203,670635.000000000000,0.223600000000
1529702207,670635.000000000000,0.005000000000
1529702207,670635.000000000000,0.141400000000
1529702207,670635.000000000000,0.040000000000
1529702207,670975.000000000000,0.089500000000
1529702207,671345.000000000000,0.011300000000
1529702207,671545.000000000000,0.008700000000
1529702213,671080.000000000000,0.162100000000
1529702214,671080.000000000000,0.050000000000
1529702214,671080.000000000000,0.050000000000
1529702214,671080.000000000000,0.210100000000
1529702214,670670.000000000000,0.000400000000
1529702215,670670.000000000000,0.088300000000
1529702215,670965.000000000000,0.010000000000
1529702215,670965.000000000000,0.010000000000
1529702215,670970.000000000000,0.040000000000
1529702216,670970.000000000000,0.049900000000
1529702222,671345.000000000000,0.011300000000
1529702222,671970.000000000000,0.049900000000
1529702222,671980.000000000000,0.090000000000
1529702222,671985.000000000000,0.029100000000
1529702222,671095.000000000000,0.010100000000
1529702222,670965.000000000000,0.020000000000
1529702223,670670.000000000000,0.000500000000
1529702223,670965.000000000000,0.005000000000
1529702223,670770.000000000000,0.079600000000
1529702223,670670.000000000000,0.082000000000
1529702227,670965.000000000000,0.010000000000
1529702227,670965.000000000000,0.020000000000
1529702228,670965.000000000000,0.050000000000
1529702228,670965.000000000000,0.010000000000
1529702228,670965.000000000000,0.000300000000
1529702228,670965.000000000000,0.010000000000
1529702228,670965.000000000000,0.050000000000
1529702232,670965.000000000000,0.002200000000
1529702232,670965.000000000000,0.010000000000
1529702234,670900.000000000000,0.010000000000
1529702238,670685.000000000000,0.080000000000
1529702238,670900.000000000000,0.002400000000
1529702238,670900.000000000000,0.020000000000
1529702238,670900.000000000000,0.020000000000
1529702241,670900.000000000000,0.038900000000
1529702241,670950.000000000000,0.080000000000
1529702241,670950.000000000000,0.030000000000
1529702241,670950.000000000000,0.061100000000
1529702241,670950.000000000000,0.001400000000
1529702246,670700.000000000000,0.030000000000
1529702246,670950.000000000000,0.313000000000
1529702246,670950.000000000000,0.030000000000
1529702246,671010.000000000000,0.010000000000
1529702246,671095.000000000000,0.010100000000
1529702246,671095.000000000000,0.010100000000
1529702246,671495.000000000000,0.400000000000
1529702246,671975.000000000000,0.003700000000
1529702246,671990.000000000000,0.067700000000
1529702247,671995.000000000000,0.155300000000
1529702247,670900.000000000000,0.030000000000
1529702247,670900.000000000000,0.008000000000
1529702247,670705.000000000000,0.010000000000
1529702247,670705.000000000000,0.012000000000
1529702247,670935.000000000000,0.010000000000
1529702247,670705.000000000000,0.078000000000
1529702247,670695.000000000000,0.016000000000
1529702247,670690.000000000000,0.010000000000
1529702247,670690.000000000000,0.050000000000
1529702247,670690.000000000000,0.010000000000
1529702247,670690.000000000000,0.010000000000
1529702247,670690.000000000000,0.050000000000
1529702247,670690.000000000000,0.010000000000
1529702247,670690.000000000000,0.250000000000
1529702247,670675.000000000000,0.144200000000
1529702247,670675.000000000000,0.010000000000
1529702247,670675.000000000000,0.010000000000
1529702247,670670.000000000000,0.038900000000
1529702247,670670.000000000000,0.040000000000
1529702247,670670.000000000000,0.049900000000
1529702247,670665.000000000000,0.002100000000
1529702247,670640.000000000000,0.088300000000
1529702247,670640.000000000000,0.132600000000
1529702248,670935.000000000000,0.002000000000
1529702248,670935.000000000000,0.008000000000
1529702248,670935.000000000000,0.070000000000
1529702248,670950.000000000000,0.010000000000
1529702249,670945.000000000000,0.020000000000
1529702254,670945.000000000000,0.030000000000
1529702254,670950.000000000000,0.120000000000
1529702254,670900.000000000000,0.008000000000
1529702259,670900.000000000000,1.509700000000
1529702259,670705.000000000000,0.050000000000
1529702259,670705.000000000000,0.075000000000
1529702259,670700.000000000000,0.865300000000
1529702260,670910.000000000000,0.000500000000
1529702260,670910.000000000000,0.029500000000
1529702260,670935.000000000000,0.010100000000
1529702260,670945.000000000000,0.037500000000
1529702260,670950.000000000000,0.272900000000
1529702260,670950.000000000000,0.112600000000
1529702260,670935.000000000000,0.017100000000
1529702260,670935.000000000000,0.002400000000
1529702261,670935.000000000000,0.020000000000
1529702261,670710.000000000000,0.010000000000
1529702261,670710.000000000000,0.040000000000
1529702261,670710.000000000000,0.010000000000
1529702261,670710.000000000000,0.010000000000
1529702261,670710.000000000000,0.010000000000
1529702261,670710.000000000000,0.010000000000
1529702261,670710.000000000000,0.010000000000
1529702263,670905.000000000000,0.001200000000
1529702263,670935.000000000000,0.670000000000
1529702267,670935.000000000000,1.000000000000
1529702269,670935.000000000000,0.400000000000
1529702269,670935.000000000000,0.247500000000
1529702269,670950.000000000000,0.284500000000
1529702269,671435.000000000000,0.070000000000
1529702269,671495.000000000000,0.000500000000
1529702270,671495.000000000000,0.399500000000
1529702270,671990.000000000000,0.003800000000
1529702270,671995.000000000000,0.000500000000
1529702270,672000.000000000000,0.000500000000
1529702270,672000.000000000000,0.001400000000
1529702270,672750.000000000000,0.149300000000
1529702273,671500.000000000000,0.000500000000
1529702273,671435.000000000000,0.098000000000
1529702273,670905.000000000000,0.008800000000
1529702273,670905.000000000000,0.192700000000
1529702277,670995.000000000000,0.019800000000
1529702277,670935.000000000000,0.480200000000
1529702277,672750.000000000000,0.010700000000
1529702277,672800.000000000000,0.029300000000
1529702277,671495.000000000000,0.300000000000
1529702277,670940.000000000000,0.000300000000
1529702279,670935.000000000000,0.100000000000
1529702280,670940.000000000000,0.010000000000
1529702280,670940.000000000000,0.018100000000
1529702280,670940.000000000000,0.100000000000
1529702280,670940.000000000000,0.050000000000
1529702280,670940.000000000000,0.016000000000
1529702280,670940.000000000000,0.010000000000
1529702281,670940.000000000000,0.010000000000
1529702281,670940.000000000000,0.010000000000
1529702281,670940.000000000000,0.020700000000
1529702281,670940.000000000000,0.010000000000
1529702282,670940.000000000000,0.010000000000
1529702282,670940.000000000000,0.050000000000
1529702282,670940.000000000000,0.010000000000
1529702282,670940.000000000000,0.010000000000
1529702283,670940.000000000000,0.209600000000
1529702287,671000.000000000000,0.020000000000
1529702288,671000.000000000000,0.018100000000
1529702288,671000.000000000000,0.112600000000
1529702288,671000.000000000000,0.100000000000
1529702289,671000.000000000000,0.450000000000
1529702293,671500.000000000000,0.000400000000
1529702293,671995.000000000000,0.000400000000
1529702293,672610.000000000000,0.199600000000
1529702294,672610.000000000000,0.040000000000
1529702294,671020.000000000000,0.017100000000
1529702294,671020.000000000000,0.135100000000
1529702295,671495.000000000000,0.020000000000
1529702295,671495.000000000000,0.192000000000
1529702295,671495.000000000000,0.015000000000
1529702296,671495.000000000000,0.010000000000
1529702298,671195.000000000000,0.020000000000
1529702298,671195.000000000000,0.192000000000
1529702298,671195.000000000000,0.015000000000
1529702298,671195.000000000000,0.010000000000
1529702298,671020.000000000000,0.013000000000
1529702300,671005.000000000000,0.050000000000
1529702300,671005.000000000000,0.010000000000
1529702300,671000.000000000000,0.106900000000
1529702300,671410.000000000000,0.166900000000
1529702300,671490.000000000000,0.025100000000
1529702300,671490.000000000000,0.030000000000
1529702300,671000.000000000000,0.000500000000
1529702304,671490.000000000000,0.004900000000
1529702304,671490.000000000000,0.070000000000
1529702304,671495.000000000000,0.063000000000
1529702304,671495.000000000000,0.387100000000
1529702305,671195.000000000000,0.063000000000
1529702305,671025.000000000000,0.012200000000
1529702305,671000.000000000000,0.091700000000
1529702305,671480.000000000000,0.010000000000
1529702305,671495.000000000000,0.440000000000
1529702305,671490.000000000000,0.004000000000
1529702305,671485.000000000000,0.296000000000
1529702308,671485.000000000000,0.104000000000
1529702308,671185.000000000000,0.004000000000
1529702308,671185.000000000000,0.296000000000
1529702308,671005.000000000000,0.250000000000
1529702308,671005.000000000000,0.050000000000
1529702308,671005.000000000000,0.010000000000
1529702308,671005.000000000000,0.050000000000
1529702308,671005.000000000000,0.050000000000
1529702308,671000.000000000000,1.272200000000
1529702309,671000.000000000000,0.050000000000
1529702311,671195.000000000000,0.063000000000
1529702311,671445.000000000000,0.137000000000
1529702311,671445.000000000000,0.004000000000
1529702315,671000.000000000000,0.062000000000
1529702315,671000.000000000000,0.062000000000
1529702316,671005.000000000000,0.010000000000
1529702316,671005.000000000000,0.033800000000
1529702316,671000.000000000000,0.056200000000
1529702317,671000.000000000000,0.165300000000
1529702318,671190.000000000000,0.030000000000
1529702318,671005.000000000000,0.050000000000
1529702318,671000.000000000000,0.610400000000
1529702319,671005.000000000000,0.010000000000
1529702319,671000.000000000000,0.665000000000
1529702319,671000.000000000000,0.200000000000
1529702319,671190.000000000000,0.039900000000
1529702319,671190.000000000000,0.050000000000
1529702319,671435.000000000000,0.010000000000
1529702319,671440.000000000000,0.000100000000
1529702323,671005.000000000000,0.050000000000
1529702324,671185.000000000000,0.010000000000
1529702329,671185.000000000000,0.000500000000
1529702329,671010.000000000000,0.010400000000
1529702329,671185.000000000000,0.009500000000
1529702329,671185.000000000000,0.020500000000
1529702329,671185.000000000000,0.038500000000
1529702329,671010.000000000000,0.010400000000
1529702329,671185.000000000000,0.011300000000
1529702330,671185.000000000000,0.100000000000
1529702330,671185.000000000000,0.273500000000
1529702330,671440.000000000000,0.020000000000
1529702330,671185.000000000000,0.026500000000
1529702330,671185.000000000000,0.453800000000
1529702330,671140.000000000000,0.020000000000
1529702330,671010.000000000000,0.029200000000
1529702330,671010.000000000000,0.010000000000
1529702330,671010.000000000000,0.010000000000
1529702330,671010.000000000000,0.010000000000
1529702330,671010.000000000000,0.010000000000
1529702330,671010.000000000000,0.010000000000
1529702330,671010.000000000000,0.010000000000
1529702330,671005.000000000000,0.010000000000
1529702330,671005.000000000000,0.000400000000
1529702330,671005.000000000000,0.010000000000
1529702330,671005.000000000000,0.050000000000
1529702330,671005.000000000000,0.050000000000
1529702330,671005.000000000000,0.010000000000
1529702330,671000.000000000000,0.280100000000
1529702330,671440.000000000000,0.200000000000
1529702331,671140.000000000000,0.040000000000
1529702331,671140.000000000000,0.160000000000
1529702331,671010.000000000000,0.010000000000
1529702331,671010.000000000000,0.010000000000
1529702331,671010.000000000000,0.010000000000
1529702331,671000.000000000000,1.810000000000
1529702338,671185.000000000000,0.100000000000
1529702343,671200.000000000000,0.032000000000
1529702346,671385.000000000000,0.032000000000
1529702346,671395.000000000000,0.058000000000
1529702346,671395.000000000000,0.062000000000
1529702346,671395.000000000000,0.060000000000
1529702346,671395.000000000000,0.040000000000
1529702346,671395.000000000000,0.039000000000
1529702346,671200.000000000000,0.168000000000
1529702346,671185.000000000000,0.032000000000
1529702347,671385.000000000000,0.062000000000
1529702347,671205.000000000000,0.000300000000
1529702347,671185.000000000000,0.049700000000
1529702354,671205.000000000000,0.027000000000
1529702354,671205.000000000000,0.000300000000
1529702354,671385.000000000000,0.002000000000
1529702359,671210.000000000000,0.000500000000
1529702359,671385.000000000000,0.104000000000
1529702359,671400.000000000000,0.096000000000
1529702360,671310.000000000000,0.172900000000
1529702360,671210.000000000000,0.009500000000
1529702360,671210.000000000000,0.010000000000
1529702360,671210.000000000000,0.050000000000
1529702360,671210.000000000000,0.007600000000
1529702361,671210.000000000000,0.042400000000
1529702361,671205.000000000000,0.042600000000
1529702361,671200.000000000000,0.015000000000
1529702363,671200.000000000000,0.100000000000
1529702364,671200.000000000000,0.085000000000
1529702364,671200.000000000000,0.915000000000
1529702365,671210.000000000000,0.019500000000
1529702365,671210.000000000000,0.009500000000
1529702366,671305.000000000000,0.030400000000
1529702366,671310.000000000000,0.082100000000
1529702368,671305.000000000000,0.000400000000
1529702369,671215.000000000000,0.077100000000
1529702369,671295.000000000000,0.020000000000
1529702369,671295.000000000000,0.057100000000
1529702369,671305.000000000000,0.371600000000
1529702369,671310.000000000000,0.145000000000
1529702369,671370.000000000000,0.015000000000
1529702369,671370.000000000000,0.100000000000
1529702369,671370.000000000000,0.085000000000
1529702369,671380.000000000000,0.375600000000
1529702369,671400.000000000000,0.104000000000
1529702369,671435.000000000000,0.300000000000
1529702369,671440.000000000000,0.063700000000
1529702371,671310.000000000000,0.030000000000
1529702371,671215.000000000000,0.322900000000
1529702371,671215.000000000000,0.050000000000
1529702371,671215.000000000000,0.010000000000
1529702371,671210.000000000000,0.748800000000
1529702371,671205.000000000000,0.010000000000
1529702371,671200.000000000000,3.828300000000
1529702372,671215.000000000000,0.010000000000
1529702372,671215.000000000000,0.050000000000
1529702372,671215.000000000000,0.010000000000
1529702372,671200.000000000000,0.930000000000
1529702374,671295.000000000000,0.300000000000
1529702374,671295.000000000000,0.018000000000
1529702374,671220.000000000000,0.010000000000
1529702375,671220.000000000000,0.000500000000
1529702375,671295.000000000000,0.004900000000
1529702376,671310.000000000000,0.200000000000
1529702380,671310.000000000000,0.049800000000
1529702380,671440.000000000000,0.016300000000
1529702380,671440.000000000000,0.010000000000
1529702380,671485.000000000000,0.011300000000
1529702380,671485.000000000000,0.011300000000
1529702380,671490.000000000000,0.346800000000
1529702380,671490.000000000000,0.004000000000
1529702380,671490.000000000000,0.346800000000
1529702380,671490.000000000000,0.346800000000
1529702380,671495.000000000000,0.000400000000
1529702381,671500.000000000000,0.020000000000
1529702381,671500.000000000000,0.200000000000
1529702381,671500.000000000000,0.050000000000
1529702381,671500.000000000000,0.039500000000
1529702381,671500.000000000000,0.050000000000
1529702382,671550.000000000000,0.010000000000
1529702382,671700.000000000000,0.003100000000
1529702382,671975.000000000000,0.136900000000
1529702383,671500.000000000000,0.144200000000
1529702386,671995.000000000000,0.000400000000
1529702386,672000.000000000000,0.000400000000
1529702386,672000.000000000000,0.199200000000
1529702388,671650.000000000000,1.000000000000
1529702388,671650.000000000000,0.010000000000
1529702393,671665.000000000000,0.135100000000
1529702394,671665.000000000000,0.194900000000
1529702394,671655.000000000000,0.010000000000
1529702394,671655.000000000000,0.050000000000
1529702394,671655.000000000000,0.069900000000
1529702394,671655.000000000000,0.137000000000
1529702394,671650.000000000000,0.343500000000
1529702394,671650.000000000000,0.223300000000
1529702394,671510.000000000000,0.016000000000
1529702394,671505.000000000000,0.010000000000
1529702394,671505.000000000000,0.010000000000
1529702394,671505.000000000000,0.010000000000
1529702394,671500.000000000000,0.925400000000
1529702398,671960.000000000000,0.016300000000
1529702399,671960.000000000000,0.000400000000
1529702399,671925.000000000000,0.137000000000
1529702401,671670.000000000000,0.008700000000
1529702404,671890.000000000000,0.050000000000
1529702404,671890.000000000000,0.010000000000
1529702404,671890.000000000000,0.050000000000
1529702404,671890.000000000000,0.153000000000
1529702410,671955.000000000000,0.063700000000
1529702410,671935.000000000000,0.055000000000
1529702410,671930.000000000000,0.010000000000
1529702410,671930.000000000000,0.050000000000
1529702410,671930.000000000000,0.050000000000
1529702410,671930.000000000000,0.010000000000
1529702410,671805.000000000000,0.050000000000
1529702410,671805.000000000000,0.030800000000
1529702414,671805.000000000000,0.019200000000
1529702414,671805.000000000000,0.010000000000
1529702414,671805.000000000000,0.010000000000
1529702414,671805.000000000000,0.050000000000
1529702414,671800.000000000000,0.910800000000
1529702415,671955.000000000000,0.006200000000
1529702417,671955.000000000000,0.063700000000
1529702417,671955.000000000000,0.006200000000
1529702417,671955.000000000000,0.069900000000
1529702417,671955.000000000000,0.060000000000
1529702417,671955.000000000000,0.006200000000
1529702417,671955.000000000000,0.006200000000
1529702417,671955.000000000000,0.006200000000
1529702417,671890.000000000000,0.017100000000
1529702417,671865.000000000000,0.006200000000
1529702417,671865.000000000000,0.006200000000
1529702417,671865.000000000000,0.012400000000
1529702423,671865.000000000000,0.300000000000
1529702423,671865.000000000000,0.050000000000
1529702423,671865.000000000000,0.389700000000
1529702423,671945.000000000000,0.110300000000
1529702424,671945.000000000000,0.050000000000
1529702424,671945.000000000000,0.034600000000
1529702424,671965.000000000000,0.465400000000
1529702424,671965.000000000000,0.020000000000
1529702424,671965.000000000000,0.500000000000
1529702424,671965.000000000000,0.014600000000
1529702424,672000.000000000000,0.000800000000
1529702425,672205.000000000000,0.002600000000
1529702426,672205.000000000000,0.010000000000
1529702428,672305.000000000000,0.118400000000
1529702432,672495.000000000000,0.000500000000
1529702436,672495.000000000000,0.000500000000
1529702436,672495.000000000000,0.000500000000
1529702436,672495.000000000000,0.000500000000
1529702436,672495.000000000000,0.000500000000
1529702436,672495.000000000000,0.000500000000
1529702436,672495.000000000000,0.001000000000
1529702436,672495.000000000000,0.000500000000
1529702436,672495.000000000000,0.000500000000
1529702436,672495.000000000000,0.000500000000
1529702436,672495.000000000000,0.000500000000
1529702436,672495.000000000000,0.000500000000
1529702436,672495.000000000000,0.000500000000
1529702436,672310.000000000000,0.023900000000
1529702437,672500.000000000000,0.000400000000
1529702437,672790.000000000000,0.003400000000
1529702437,672800.000000000000,0.036200000000
1529702447,672800.000000000000,0.034500000000
1529702447,672800.000000000000,0.721600000000
1529702447,672800.000000000000,0.222800000000
1529702447,672800.000000000000,0.500000000000
1529702448,672790.000000000000,0.000800000000
1529702448,672790.000000000000,0.009200000000
1529702448,672800.000000000000,0.090800000000
1529702448,672545.000000000000,0.004000000000
1529702448,672500.000000000000,0.000400000000
1529702448,672500.000000000000,0.000400000000
1529702448,672500.000000000000,0.000400000000
1529702448,672495.000000000000,0.001000000000
1529702448,672495.000000000000,0.000500000000
1529702448,672495.000000000000,0.000500000000
1529702448,672315.000000000000,0.069900000000
1529702448,672310.000000000000,0.035400000000
1529702448,672800.000000000000,0.050000000000
1529702452,672800.000000000000,0.222800000000
1529702452,672800.000000000000,0.050000000000
1529702452,672800.000000000000,0.100000000000
1529702452,672800.000000000000,0.300000000000
1529702452,672800.000000000000,0.099000000000
1529702452,672900.000000000000,0.222800000000
1529702452,672800.000000000000,0.401000000000
1529702452,672800.000000000000,0.500000000000
1529702452,672790.000000000000,0.010000000000
1529702457,672790.000000000000,0.089000000000
1529702457,672900.000000000000,0.077200000000
1529702457,672995.000000000000,0.000400000000
1529702457,673000.000000000000,0.001500000000
1529702457,673000.000000000000,0.000400000000
1529702457,673010.000000000000,0.011300000000
1529702457,673380.000000000000,0.010000000000
1529702457,673390.000000000000,0.041900000000
1529702457,673495.000000000000,0.000500000000
1529702457,673500.000000000000,0.000400000000
1529702457,673995.000000000000,0.000500000000
1529702457,674000.000000000000,0.360900000000
1529702458,674000.000000000000,0.200000000000
1529702458,673000.000000000000,0.000400000000
1529702458,672800.000000000000,0.682800000000
1529702458,672800.000000000000,0.050000000000
1529702458,672800.000000000000,0.191900000000
1529702461,672800.000000000000,0.108100000000
1529702461,672800.000000000000,0.013400000000
1529702461,672800.000000000000,0.500000000000
1529702461,672800.000000000000,0.500000000000
1529702461,672800.000000000000,0.549000000000
1529702461,672800.000000000000,0.100000000000
1529702461,672800.000000000000,0.229500000000
1529702469,672900.000000000000,0.299200000000
1529702469,672805.000000000000,0.416200000000
1529702469,672800.000000000000,0.270500000000
1529702469,672800.000000000000,0.014100000000
1529702470,672800.000000000000,0.030000000000
1529702470,672800.000000000000,0.328100000000
1529702473,672800.000000000000,0.050000000000
1529702473,673505.000000000000,0.000500000000
1529702473,672800.000000000000,0.121900000000
1529702473,672800.000000000000,0.050000000000
1529702474,672800.000000000000,0.050000000000
1529702474,672800.000000000000,0.010000000000
1529702474,672800.000000000000,0.550000000000
1529702482,672800.000000000000,0.257000000000
1529702482,672800.000000000000,0.100000000000
1529702483,672800.000000000000,0.060000000000
1529702483,672800.000000000000,0.010000000000
1529702483,672800.000000000000,0.050000000000
1529702483,672800.000000000000,0.416400000000
1529702483,672800.000000000000,0.050000000000
1529702483,672800.000000000000,0.010000000000
1529702483,672800.000000000000,0.004000000000
1529702483,672505.000000000000,0.000400000000
1529702483,672500.000000000000,0.000400000000
1529702483,672120.000000000000,0.020000000000
1529702483,672005.000000000000,0.000500000000
1529702483,672000.000000000000,0.000400000000
1529702483,671970.000000000000,0.030300000000
1529702483,672495.000000000000,0.000500000000
1529702483,672800.000000000000,0.099500000000
1529702483,672800.000000000000,0.050000000000
1529702484,672800.000000000000,0.050000000000
1529702484,672800.000000000000,0.300000000000
1529702484,672800.000000000000,0.500000000000
1529702484,672800.000000000000,0.250000000000
1529702484,672800.000000000000,0.002000000000
1529702484,672800.000000000000,0.050000000000
1529702484,672800.000000000000,0.030000000000
1529702484,672800.000000000000,0.500000000000
1529702484,672800.000000000000,0.010000000000
1529702488,672790.000000000000,0.010000000000
1529702488,672800.000000000000,0.990000000000
1529702491,672800.000000000000,1.428700000000
1529702491,672855.000000000000,0.010000000000
1529702491,672995.000000000000,0.000400000000
1529702493,673000.000000000000,0.075000000000
1529702494,673000.000000000000,1.000000000000
1529702495,673000.000000000000,6.575100000000
1529702495,672515.000000000000,0.016000000000
1529702495,672500.000000000000,0.080000000000
1529702498,672500.000000000000,0.050000000000
1529702498,672500.000000000000,0.450000000000
1529702499,672500.000000000000,0.137100000000
1529702499,672500.000000000000,0.050000000000
1529702499,672500.000000000000,0.100000000000
1529702499,672500.000000000000,0.050000000000
1529702499,672500.000000000000,0.500000000000
1529702499,672500.000000000000,0.201200000000
1529702499,672500.000000000000,0.000500000000
1529702499,673500.000000000000,0.000500000000
1529702499,673995.000000000000,0.000500000000
1529702499,674000.000000000000,0.103100000000
1529702499,674000.000000000000,0.000400000000
1529702499,674000.000000000000,0.001600000000
1529702499,674000.000000000000,0.006800000000
1529702503,673840.000000000000,0.020400000000
1529702503,673500.000000000000,0.000500000000
1529702503,673500.000000000000,0.000400000000
1529702503,673500.000000000000,0.000500000000
1529702503,673500.000000000000,0.000500000000
1529702503,673500.000000000000,0.000500000000
1529702503,673005.000000000000,0.047200000000
1529702512,674000.000000000000,0.050000000000
1529702512,673010.000000000000,0.010000000000
1529702512,673010.000000000000,0.010000000000
1529702512,673005.000000000000,0.002800000000
1529702512,673005.000000000000,0.089600000000
1529702512,673995.000000000000,0.085000000000
1529702512,674000.000000000000,0.602500000000
1529702530,673500.000000000000,0.033200000000
1529702535,674000.000000000000,0.035000000000
1529702535,674000.000000000000,0.030000000000
1529702535,674055.000000000000,0.010000000000
1529702535,674495.000000000000,0.000400000000
1529702535,674500.000000000000,0.000500000000
1529702535,674500.000000000000,0.004100000000
1529702535,674000.000000000000,0.005000000000
1529702535,674000.000000000000,0.012100000000
1529702535,674000.000000000000,0.022900000000
1529702535,674000.000000000000,0.035000000000
1529702535,674000.000000000000,0.022100000000
1529702535,674000.000000000000,0.012900000000
1529702535,674000.000000000000,0.000500000000
1529702535,674000.000000000000,0.006600000000
1529702535,674000.000000000000,0.000100000000
1529702542,674000.000000000000,0.028300000000
1529702542,674000.000000000000,0.035000000000
1529702542,674000.000000000000,0.035000000000
1529702542,674000.000000000000,0.035000000000
1529702542,674000.000000000000,0.035000000000
1529702542,674000.000000000000,0.035000000000
1529702542,674000.000000000000,0.070000000000
1529702543,673505.000000000000,0.050000000000
1529702543,673505.000000000000,0.010000000000
1529702543,673505.000000000000,0.050000000000
1529702543,673505.000000000000,0.010000000000
1529702543,673500.000000000000,0.204400000000
1529702543,673125.000000000000,0.018100000000
1529702543,673100.000000000000,1.657500000000
1529702544,673100.000000000000,0.028500000000
1529702545,673100.000000000000,0.392200000000
1529702547,674000.000000000000,0.391800000000
1529702548,673505.000000000000,0.057000000000
1529702548,673505.000000000000,0.063000000000
1529702548,673995.000000000000,0.187000000000
1529702553,673800.000000000000,0.500000000000
1529702555,673800.000000000000,0.001000000000
1529702557,673800.000000000000,0.000300000000
1529702557,673800.000000000000,0.050000000000
1529702557,673800.000000000000,0.030000000000
1529702557,673800.000000000000,0.500000000000
1529702557,673795.000000000000,0.044300000000
1529702557,673800.000000000000,0.100000000000
1529702557,673795.000000000000,0.044300000000
1529702563,673800.000000000000,0.050000000000
1529702563,673795.000000000000,0.010000000000
1529702563,673795.000000000000,0.018100000000
1529702563,673800.000000000000,0.009600000000
1529702563,673800.000000000000,0.050000000000
1529702563,673800.000000000000,0.100000000000
1529702563,673795.000000000000,0.100000000000
1529702563,673800.000000000000,0.500000000000
1529702563,673795.000000000000,0.040400000000
1529702563,673800.000000000000,0.004000000000
1529702563,673800.000000000000,0.080000000000
1529702563,673800.000000000000,0.025100000000
1529702563,673800.000000000000,0.263000000000
1529702563,673980.000000000000,0.022600000000
1529702564,673980.000000000000,0.038500000000
1529702564,673800.000000000000,0.053800000000
1529702564,673980.000000000000,0.018900000000
1529702564,674500.000000000000,0.181100000000
1529702567,673800.000000000000,0.158100000000
1529702567,673800.000000000000,0.100000000000
1529702567,673795.000000000000,0.005900000000
1529702567,673675.000000000000,0.169600000000
1529702568,673800.000000000000,0.097800000000
1529702568,673845.000000000000,0.050000000000
1529702568,673805.000000000000,0.005900000000
1529702568,673845.000000000000,0.080000000000
1529702568,673845.000000000000,0.080000000000
1529702571,673845.000000000000,0.014800000000
1529702571,673805.000000000000,0.341000000000
1529702571,673845.000000000000,0.014800000000
1529702575,673845.000000000000,0.050000000000
1529702576,673845.000000000000,0.110400000000
1529702576,673975.000000000000,0.068700000000
1529702576,673975.000000000000,0.250500000000
1529702576,673975.000000000000,0.163000000000
1529702576,673975.000000000000,0.034900000000
1529702576,673845.000000000000,0.044300000000
1529702579,673900.000000000000,0.050000000000
1529702581,673970.000000000000,0.047800000000
1529702581,673970.000000000000,0.015000000000
1529702581,673970.000000000000,0.387200000000
1529702582,674500.000000000000,0.014800000000
1529702582,674600.000000000000,0.185200000000
1529702582,673975.000000000000,0.022300000000
1529702586,673975.000000000000,0.242800000000
1529702586,673975.000000000000,0.050000000000
1529702586,673970.000000000000,0.112800000000
1529702586,673970.000000000000,0.450000000000
1529702586,673900.000000000000,0.179200000000
1529702586,673965.000000000000,0.050000000000
1529702587,673900.000000000000,0.000100000000
1529702587,673965.000000000000,0.019900000000
1529702587,674600.000000000000,0.004000000000
1529702590,674000.000000000000,0.000400000000
1529702590,674600.000000000000,0.014400000000
1529702590,673980.000000000000,0.010000000000
1529702590,673975.000000000000,0.100000000000
1529702590,673975.000000000000,0.018100000000
1529702591,673975.000000000000,0.050000000000
1529702591,673975.000000000000,0.000300000000
1529702591,673975.000000000000,0.010000000000
1529702591,673975.000000000000,0.050000000000
1529702591,673975.000000000000,0.010000000000
1529702602,673975.000000000000,0.038500000000
1529702602,673975.000000000000,0.022600000000
1529702602,673975.000000000000,0.060000000000
1529702602,673975.000000000000,0.250000000000
1529702602,673975.000000000000,0.050000000000
1529702602,673975.000000000000,0.004000000000
1529702602,673975.000000000000,0.000400000000
1529702603,673975.000000000000,0.020400000000
1529702603,673975.000000000000,0.029600000000
1529702603,673970.000000000000,0.135100000000
1529702603,673975.000000000000,0.050000000000
1529702603,673975.000000000000,0.010000000000
1529702603,673975.000000000000,0.200000000000
1529702610,673975.000000000000,0.085900000000
1529702610,673975.000000000000,0.575300000000
1529702610,673975.000000000000,0.018100000000
1529702610,674020.000000000000,0.010000000000
1529702610,674495.000000000000,0.000400000000
1529702610,674600.000000000000,0.439600000000
1529702611,673980.000000000000,0.010000000000
1529702611,673980.000000000000,0.010000000000
1529702611,673980.000000000000,0.050000000000
1529702612,674415.000000000000,0.020000000000
1529702617,674000.000000000000,0.009900000000
1529702618,674410.000000000000,0.050000000000
1529702619,674410.000000000000,0.019900000000
1529702619,674415.000000000000,0.030100000000
1529702625,674055.000000000000,0.000400000000
1529702626,674400.000000000000,0.019900000000
1529702626,674400.000000000000,0.000100000000
1529702626,674500.000000000000,0.000500000000
1529702626,674600.000000000000,0.111500000000
1529702626,674410.000000000000,0.019800000000
1529702626,674410.000000000000,0.003400000000
1529702626,674410.000000000000,0.006500000000
1529702626,674600.000000000000,0.099800000000
1529702636,674600.000000000000,0.050000000000
1529702636,674500.000000000000,0.000500000000
1529702636,674415.000000000000,0.111500000000
1529702636,674600.000000000000,0.036500000000
1529702636,674600.000000000000,0.100000000000
1529702636,674600.000000000000,0.550000000000
1529702636,674600.000000000000,0.099600000000
1529702640,674415.000000000000,0.388500000000
1529702640,674415.000000000000,0.061500000000
1529702640,674415.000000000000,0.008400000000
1529702640,674415.000000000000,0.010000000000
1529702640,674415.000000000000,0.050000000000
1529702640,674415.000000000000,0.010000000000
1529702640,674415.000000000000,0.050000000000
1529702640,674415.000000000000,0.050000000000
1529702640,674415.000000000000,0.010000000000
1529702641,674415.000000000000,0.050000000000
1529702641,674415.000000000000,0.239600000000
1529702641,674415.000000000000,0.050000000000
1529702647,674415.000000000000,0.252000000000
1529702647,674415.000000000000,0.118500000000
1529702648,674410.000000000000,0.019000000000
1529702648,674410.000000000000,0.000900000000
1529702648,674060.000000000000,0.050000000000
1529702648,674060.000000000000,0.011100000000
1529702648,674060.000000000000,0.062000000000
1529702649,674410.000000000000,0.019900000000
1529702649,674410.000000000000,0.050000000000
1529702649,674410.000000000000,0.010000000000
1529702649,674410.000000000000,0.020100000000
1529702649,674410.000000000000,0.020000000000
1529702649,674410.000000000000,0.009900000000
1529702649,674410.000000000000,0.010000000000
1529702649,674415.000000000000,0.040000000000
1529702649,674415.000000000000,0.010000000000
1529702649,674415.000000000000,0.030000000000
1529702649,674415.000000000000,0.000300000000
1529702654,674595.000000000000,0.026800000000
1529702654,674595.000000000000,0.020000000000
1529702654,674410.000000000000,0.030000000000
1529702655,674410.000000000000,0.010000000000
1529702655,674410.000000000000,0.100000000000
1529702655,674410.000000000000,0.010000000000
1529702655,674410.000000000000,0.040000000000
1529702656,674595.000000000000,0.003200000000
1529702656,674595.000000000000,0.010000000000
1529702656,674595.000000000000,0.036800000000
1529702656,674495.000000000000,0.050000000000
1529702656,674415.000000000000,0.050000000000
1529702656,674410.000000000000,0.100000000000
1529702656,674410.000000000000,0.019200000000
1529702660,674595.000000000000,0.003200000000
1529702660,674595.000000000000,0.003200000000
1529702660,674595.000000000000,0.003200000000
1529702660,674595.000000000000,0.003200000000
1529702660,674595.000000000000,0.250000000000
1529702660,674595.000000000000,0.003200000000
1529702660,674590.000000000000,0.003200000000
1529702660,674590.000000000000,0.003200000000
1529702660,674590.000000000000,0.003200000000
1529702661,674590.000000000000,0.003200000000
1529702661,674590.000000000000,0.003200000000
1529702665,674590.000000000000,0.052100000000
1529702665,674595.000000000000,0.149100000000
1529702665,674595.000000000000,0.010000000000
1529702665,674600.000000000000,0.049500000000
1529702668,674595.000000000000,0.050000000000
1529702668,674595.000000000000,0.050000000000
1529702673,674595.000000000000,0.050000000000
1529702673,674590.000000000000,0.099600000000
1529702673,674590.000000000000,0.058500000000
1529702673,674590.000000000000,0.064900000000
1529702673,674590.000000000000,0.055300000000
1529702673,674590.000000000000,0.055300000000
1529702673,674590.000000000000,0.055300000000
1529702673,674590.000000000000,0.055300000000
1529702673,674590.000000000000,0.250000000000
1529702673,674415.000000000000,0.006000000000
1529702673,674415.000000000000,0.050000000000
1529702674,674415.000000000000,0.050000000000
1529702674,674415.000000000000,0.139000000000
1529702674,674415.000000000000,0.250000000000
1529702679,674415.000000000000,0.050000000000
1529702680,674415.000000000000,0.490800000000
1529702680,674600.000000000000,0.005800000000
1529702680,674590.000000000000,0.250000000000
1529702682,674590.000000000000,0.225000000000
1529702682,674595.000000000000,0.025000000000
1529702682,674410.000000000000,0.040800000000
1529702682,674410.000000000000,0.010000000000
1529702682,674595.000000000000,0.025000000000
1529702682,674600.000000000000,0.175000000000
1529702684,674410.000000000000,0.006000000000
1529702684,674600.000000000000,0.984800000000
1529702684,674600.000000000000,0.030000000000
1529702684,674600.000000000000,0.476000000000
1529702684,674600.000000000000,0.700000000000
1529702684,674650.000000000000,0.009000000000
1529702684,674600.000000000000,0.050800000000
1529702684,674650.000000000000,0.001000000000
1529702684,674890.000000000000,0.166900000000
1529702684,674995.000000000000,0.000500000000
1529702684,675000.000000000000,0.001500000000
1529702684,675000.000000000000,0.000400000000
1529702684,675000.000000000000,0.069200000000
1529702685,674600.000000000000,0.009300000000
1529702685,674500.000000000000,0.000400000000
1529702685,674070.000000000000,0.800000000000
1529702685,674005.000000000000,0.000400000000
1529702685,674000.000000000000,0.012700000000
1529702685,674000.000000000000,0.200000000000
1529702685,674000.000000000000,0.000500000000
1529702685,674000.000000000000,0.012200000000
1529702685,674000.000000000000,0.022600000000
1529702685,674000.000000000000,0.001000000000
1529702685,674000.000000000000,0.010000000000
1529702685,673970.000000000000,0.578700000000
1529702685,674495.000000000000,0.000400000000
1529702685,674585.000000000000,0.049600000000
1529702689,673970.000000000000,0.550000000000
1529702690,674585.000000000000,0.020300000000
1529702690,674650.000000000000,0.175600000000
1529702690,673970.000000000000,0.600000000000
1529702691,674615.000000000000,0.010000000000
1529702693,674600.000000000000,0.009300000000
1529702693,674615.000000000000,0.390000000000
1529702693,674650.000000000000,0.100700000000
1529702693,674070.000000000000,0.060000000000
1529702693,674000.000000000000,0.022600000000
1529702693,673970.000000000000,0.271300000000
1529702693,673965.000000000000,0.011300000000
1529702693,673925.000000000000,0.020000000000
1529702693,673845.000000000000,0.145700000000
1529702693,673535.000000000000,0.010100000000
1529702697,674500.000000000000,0.000400000000
1529702697,674650.000000000000,0.123700000000
1529702698,675000.000000000000,0.123000000000
1529702698,674650.000000000000,0.100300000000
1529702698,674000.000000000000,0.000400000000
1529702698,673975.000000000000,0.069900000000
1529702699,673945.000000000000,0.009300000000
1529702699,673945.000000000000,0.016000000000
1529702699,673945.000000000000,0.270000000000
1529702699,673980.000000000000,0.034400000000
1529702699,674605.000000000000,0.020000000000
1529702699,675000.000000000000,0.125600000000
1529702702,674600.000000000000,0.009300000000
1529702702,674600.000000000000,0.009300000000
1529702702,674500.000000000000,0.981400000000
1529702703,674500.000000000000,0.020000000000
1529702704,674600.000000000000,0.400000000000
1529702704,674600.000000000000,0.100000000000
1529702704,674500.000000000000,0.500000000000
1529702704,674645.000000000000,0.200000000000
1529702705,674500.000000000000,0.165200000000
1529702705,674500.000000000000,0.034400000000
1529702705,674645.000000000000,0.350000000000
1529702705,674995.000000000000,0.065000000000
1529702705,675000.000000000000,0.085000000000
1529702706,674500.000000000000,0.179800000000
1529702706,674140.000000000000,0.018100000000
1529702706,674040.000000000000,0.030000000000
1529702706,674020.000000000000,0.000300000000
1529702706,674005.000000000000,0.000400000000
1529702706,673980.000000000000,0.034400000000
1529702706,673980.000000000000,0.034400000000
1529702706,673980.000000000000,0.034400000000
1529702706,673980.000000000000,0.034400000000
1529702706,673980.000000000000,0.034400000000
1529702706,673800.000000000000,0.023400000000
1529702710,674495.000000000000,0.000400000000
1529702710,675000.000000000000,0.012500000000
1529702710,675000.000000000000,0.146100000000
1529702711,674645.000000000000,0.027400000000
1529702711,674505.000000000000,0.009600000000
1529702711,674505.000000000000,0.050000000000
1529702711,673980.000000000000,0.011000000000
1529702711,673535.000000000000,0.002000000000
1529702711,674505.000000000000,0.010000000000
1529702711,674505.000000000000,0.050000000000
1529702711,673535.000000000000,0.040000000000
1529702711,674505.000000000000,0.010000000000
1529702711,673535.000000000000,0.125100000000
1529702711,674500.000000000000,0.000500000000
1529702714,674660.000000000000,0.349500000000
1529702716,674500.000000000000,0.111900000000
1529702717,674500.000000000000,0.050000000000
1529702717,674500.000000000000,0.062000000000
1529702717,674500.000000000000,0.060000000000
1529702722,674495.000000000000,0.000400000000
1529702722,674495.000000000000,0.000400000000
1529702722,674495.000000000000,0.000400000000
1529702722,674495.000000000000,0.000400000000
1529702722,674495.000000000000,0.000400000000
1529702722,674495.000000000000,0.000400000000
1529702722,674300.000000000000,0.069900000000
1529702722,674010.000000000000,0.016000000000
1529702722,674005.000000000000,0.000500000000
1529702722,674000.000000000000,0.000500000000
1529702722,673985.000000000000,0.050000000000
1529702722,673900.000000000000,0.044900000000
1529702727,674300.000000000000,0.055300000000
1529702727,674490.000000000000,0.020000000000
1529702727,674490.000000000000,0.044900000000
1529702728,674300.000000000000,0.004000000000
1529702728,674490.000000000000,0.062000000000
1529702728,674300.000000000000,0.050000000000
1529702732,674300.000000000000,0.006000000000
1529702732,674015.000000000000,0.010000000000
1529702732,674005.000000000000,0.010000000000
1529702732,673900.000000000000,0.036000000000
1529702732,673900.000000000000,0.062000000000
1529702732,673900.000000000000,0.712600000000
1529702732,673550.000000000000,0.060000000000
1529702732,673540.000000000000,0.227400000000
1529702733,674455.000000000000,0.000500000000
1529702733,674455.000000000000,0.029500000000
1529702733,674485.000000000000,0.020500000000
1529702733,674485.000000000000,0.011900000000
1529702733,674295.000000000000,0.409000000000
1529702733,674485.000000000000,0.017600000000
1529702733,674485.000000000000,0.035800000000
1529702734,674300.000000000000,0.077100000000
1529702734,673540.000000000000,0.018900000000
1529702734,674485.000000000000,0.034100000000
1529702734,674495.000000000000,0.004400000000
1529702734,674495.000000000000,0.005600000000
1529702734,674495.000000000000,0.000500000000
1529702734,674495.000000000000,0.010000000000
1529702738,674495.000000000000,0.040300000000
1529702739,673985.000000000000,0.019800000000
1529702739,674385.000000000000,0.014300000000
1529702740,674385.000000000000,0.034100000000
1529702740,674385.000000000000,0.001600000000
1529702740,674435.000000000000,0.002000000000
1529702740,674475.000000000000,0.012500000000
1529702740,674475.000000000000,0.007500000000
1529702740,674480.000000000000,0.009700000000
1529702740,674480.000000000000,0.002800000000
1529702740,674480.000000000000,0.014800000000
1529702747,674495.000000000000,0.001300000000
1529702748,674490.000000000000,0.010000000000
1529702750,674480.000000000000,0.014800000000
1529702750,674480.000000000000,0.014800000000
1529702750,674475.000000000000,0.007500000000
1529702750,674005.000000000000,0.000500000000
1529702750,674000.000000000000,0.001500000000
1529702750,674000.000000000000,0.002000000000
1529702750,674000.000000000000,0.052300000000
1529702751,674490.000000000000,0.010000000000
1529702757,674490.000000000000,0.382000000000
1529702757,674490.000000000000,0.118000000000
1529702757,674485.000000000000,0.069900000000
1529702757,674475.000000000000,0.070000000000
1529702761,674235.000000000000,0.111900000000
1529702762,674235.000000000000,0.010000000000
1529702762,674235.000000000000,0.000300000000
1529702762,674235.000000000000,0.037900000000
1529702762,674425.000000000000,0.012100000000
1529702762,674425.000000000000,0.006000000000
1529702762,674490.000000000000,0.044000000000
1529702762,674490.000000000000,0.010000000000
1529702762,674490.000000000000,0.010000000000
1529702762,674480.000000000000,0.010000000000
1529702763,674480.000000000000,0.010000000000
1529702763,674490.000000000000,0.040000000000
1529702768,674220.000000000000,0.020000000000
1529702773,674220.000000000000,0.040000000000
1529702773,674415.000000000000,0.010000000000
1529702773,674475.000000000000,0.050000000000
1529702773,674475.000000000000,0.015000000000
1529702773,674485.000000000000,0.002100000000
1529702774,674220.000000000000,0.028700000000
1529702775,674220.000000000000,0.031300000000
1529702775,674220.000000000000,0.060000000000
1529702775,674215.000000000000,0.008700000000
1529702775,674220.000000000000,0.010000000000
1529702779,674220.000000000000,0.021300000000
1529702779,674220.000000000000,0.400000000000
1529702779,674060.000000000000,0.018100000000
1529702779,674020.000000000000,0.130000000000
1529702779,674010.000000000000,0.069900000000
1529702779,674010.000000000000,0.050000000000
1529702779,674010.000000000000,0.010000000000
1529702779,674005.000000000000,0.143700000000
1529702779,674000.000000000000,0.047700000000
1529702779,673955.000000000000,0.109300000000
1529702780,673955.000000000000,0.290700000000
1529702780,673800.000000000000,0.020000000000
1529702780,673600.000000000000,1.383200000000
1529702780,673600.000000000000,0.800000000000
1529702781,673535.000000000000,0.111900000000
1529702781,673600.000000000000,0.050000000000
1529702781,673600.000000000000,0.400000000000
1529702781,673600.000000000000,0.010000000000
1529702781,673600.000000000000,0.010000000000
1529702781,673600.000000000000,0.010000000000
1529702781,673600.000000000000,0.010000000000
1529702781,673600.000000000000,0.016100000000
1529702781,674205.000000000000,0.033900000000
1529702781,674205.000000000000,0.010000000000
1529702781,674205.000000000000,0.010000000000
1529702781,674205.000000000000,0.010000000000
1529702781,674205.000000000000,0.010000000000
1529702781,674205.000000000000,0.056100000000
1529702781,674275.000000000000,0.005900000000
1529702781,674275.000000000000,0.004100000000
1529702781,674495.000000000000,0.000500000000
1529702781,674495.000000000000,0.001300000000
1529702781,674500.000000000000,0.056100000000
1529702782,674275.000000000000,0.010000000000
1529702782,674275.000000000000,0.010000000000
1529702782,674275.000000000000,0.010000000000
1529702786,674275.000000000000,0.009000000000
1529702787,674495.000000000000,0.050000000000
1529702787,674500.000000000000,0.250000000000
1529702788,674275.000000000000,0.001000000000
1529702788,674225.000000000000,0.050000000000
1529702788,674225.000000000000,0.011000000000
1529702789,674225.000000000000,0.039000000000
1529702789,674225.000000000000,0.010000000000
1529702789,674225.000000000000,0.013000000000
1529702789,674225.000000000000,0.062000000000
1529702789,674065.000000000000,0.010000000000
1529702789,674065.000000000000,0.010000000000
1529702789,674065.000000000000,0.050000000000
1529702789,674065.000000000000,0.003100000000
1529702789,674495.000000000000,0.050000000000
1529702794,674005.000000000000,0.000500000000
1529702794,673600.000000000000,0.115600000000
1529702794,673600.000000000000,0.093700000000
1529702794,674060.000000000000,0.200000000000
1529702795,674060.000000000000,0.019900000000
1529702795,674060.000000000000,0.050000000000
1529702795,674060.000000000000,0.010000000000
1529702795,674060.000000000000,0.031800000000
1529702797,674060.000000000000,0.158300000000
1529702797,674265.000000000000,0.041700000000
1529702802,673625.000000000000,0.190600000000
1529702803,674055.000000000000,0.019900000000
1529702803,674060.000000000000,0.009700000000
1529702804,674060.000000000000,0.007400000000
1529702804,674235.000000000000,0.018100000000
1529702804,674260.000000000000,0.086300000000
1529702809,674055.000000000000,0.007400000000
1529702809,674055.000000000000,0.007400000000
1529702810,674055.000000000000,0.020000000000
1529702810,674055.000000000000,0.020000000000
1529702810,674055.000000000000,0.017100000000
1529702810,674055.000000000000,0.020000000000
1529702811,674055.000000000000,0.200000000000
1529702812,674055.000000000000,0.008100000000
1529702812,674055.000000000000,0.011900000000
1529702812,674055.000000000000,0.020000000000
1529702817,674245.000000000000,0.033800000000
1529702817,674245.000000000000,0.020000000000
1529702817,674245.000000000000,0.042000000000
1529702818,674245.000000000000,0.058000000000
1529702818,674260.000000000000,0.004000000000
1529702820,674195.000000000000,0.032700000000
1529702820,674230.000000000000,0.400000000000
1529702820,674240.000000000000,0.048100000000
1529702820,674260.000000000000,0.034600000000
1529702821,674070.000000000000,0.100000000000
1529702823,674260.000000000000,0.018800000000
1529702823,674280.000000000000,0.100000000000
1529702827,674295.000000000000,0.040000000000
1529702827,674490.000000000000,0.115000000000
1529702828,674295.000000000000,0.166200000000
1529702831,674300.000000000000,0.050000000000
1529702831,674295.000000000000,0.061800000000
1529702836,674490.000000000000,0.095000000000
1529702836,674495.000000000000,0.000500000000
1529702836,674500.000000000000,0.004500000000
1529702837,674500.000000000000,0.056000000000
1529702837,674500.000000000000,0.000400000000
1529702837,674500.000000000000,0.143600000000
1529702838,674360.000000000000,0.008100000000
1529702838,674315.000000000000,0.009000000000
1529702839,674315.000000000000,0.001000000000
1529702839,674315.000000000000,0.050000000000
1529702839,674315.000000000000,0.050000000000
1529702839,674315.000000000000,0.034100000000
1529702839,674500.000000000000,0.001300000000
1529702840,674315.000000000000,0.015900000000
1529702840,674315.000000000000,0.010000000000
1529702840,674315.000000000000,0.010000000000
1529702840,674310.000000000000,0.080000000000
1529702840,674305.000000000000,0.010000000000
1529702840,674305.000000000000,0.050000000000
1529702840,674305.000000000000,0.010000000000
1529702840,674305.000000000000,0.050000000000
1529702840,674300.000000000000,0.010000000000
1529702840,674300.000000000000,0.050000000000
1529702840,674300.000000000000,0.010000000000
1529702840,674300.000000000000,0.069900000000
1529702840,674300.000000000000,0.050000000000
1529702840,674300.000000000000,0.010000000000
1529702840,674300.000000000000,0.050000000000
1529702840,674295.000000000000,0.163200000000
1529702840,674280.000000000000,0.000300000000
1529702840,674260.000000000000,0.018800000000
1529702840,674260.000000000000,0.300000000000
1529702840,674075.000000000000,0.010000000000
1529702844,674075.000000000000,0.021900000000
1529702844,674475.000000000000,0.080000000000
1529702844,674500.000000000000,0.468400000000
1529702844,674500.000000000000,0.068700000000
1529702844,674500.000000000000,0.010000000000
1529702844,674545.000000000000,0.010000000000
1529702844,674555.000000000000,0.010000000000
1529702844,674580.000000000000,0.020000000000
1529702844,674595.000000000000,0.002000000000
1529702844,674995.000000000000,0.000500000000
1529702844,675000.000000000000,0.069200000000
1529702850,675000.000000000000,0.011000000000
1529702854,675000.000000000000,0.041700000000
1529702854,675000.000000000000,0.000200000000
1529702854,675000.000000000000,0.000500000000
1529702854,675000.000000000000,0.057600000000
1529702854,675000.000000000000,0.017100000000
1529702855,674890.000000000000,0.050000000000
1529702855,674890.000000000000,0.010000000000
1529702855,674890.000000000000,0.010000000000
1529702855,674885.000000000000,0.222300000000
1529702855,674840.000000000000,0.222300000000
1529702855,674545.000000000000,0.010000000000
1529702855,674545.000000000000,0.010000000000
1529702855,674545.000000000000,0.010000000000
1529702855,674505.000000000000,0.050000000000
1529702855,674505.000000000000,0.050000000000
1529702855,674505.000000000000,0.050000000000
1529702855,674505.000000000000,0.050000000000
1529702855,674505.000000000000,0.050000000000
1529702855,674500.000000000000,0.000500000000
1529702855,674365.000000000000,0.143700000000
1529702855,674365.000000000000,0.010000000000
1529702855,674365.000000000000,0.010000000000
1529702855,674365.000000000000,0.010000000000
1529702855,674360.000000000000,0.031200000000
1529702856,674880.000000000000,0.010000000000
1529702856,674880.000000000000,0.050000000000
1529702857,674520.000000000000,0.040000000000
1529702857,674360.000000000000,0.071700000000
1529702858,674800.000000000000,0.010000000000
1529702859,674800.000000000000,0.002100000000
1529702861,674360.000000000000,0.097100000000
1529702862,674160.000000000000,0.000400000000
1529702862,674160.000000000000,0.020000000000
1529702862,674160.000000000000,0.010000000000
1529702862,674160.000000000000,0.050000000000
1529702863,674160.000000000000,0.010000000000
1529702863,674160.000000000000,0.050000000000
1529702863,674160.000000000000,0.004800000000
1529702863,674800.000000000000,0.027900000000
1529702863,674800.000000000000,0.005800000000
1529702863,674500.000000000000,0.005000000000
1529702864,674500.000000000000,0.124300000000
1529702864,674880.000000000000,0.029000000000
1529702864,674895.000000000000,0.046700000000
1529702866,674790.000000000000,0.010000000000
1529702866,674795.000000000000,0.062000000000
1529702870,674785.000000000000,0.016900000000
1529702870,674795.000000000000,0.007900000000
1529702870,674995.000000000000,0.000400000000
1529702870,675000.000000000000,0.086500000000
1529702877,674800.000000000000,0.038500000000
1529702877,674795.000000000000,0.007900000000
1529702877,674795.000000000000,0.007900000000
1529702877,674795.000000000000,0.007900000000
1529702877,674780.000000000000,0.072900000000
1529702879,675000.000000000000,0.164300000000
1529702881,674805.000000000000,0.069900000000
1529702881,674805.000000000000,0.010000000000
1529702881,674805.000000000000,0.010000000000
1529702881,674800.000000000000,0.010000000000
1529702881,674800.000000000000,0.038500000000
1529702881,674795.000000000000,0.452200000000
1529702883,674995.000000000000,0.032700000000
1529702885,674995.000000000000,0.278700000000
1529702885,675000.000000000000,0.437300000000
1529702885,675000.000000000000,0.001500000000
1529702885,675000.000000000000,0.334100000000
1529702885,675000.000000000000,0.000400000000
1529702887,675020.000000000000,0.000300000000
1529702887,675000.000000000000,0.069600000000
1529702887,675000.000000000000,0.143700000000
1529702888,675160.000000000000,0.200000000000
1529702888,675000.000000000000,0.234700000000
1529702893,674815.000000000000,0.050000000000
1529702893,674815.000000000000,0.010000000000
1529702893,674815.000000000000,0.050000000000
1529702893,674815.000000000000,0.010000000000
1529702893,674810.000000000000,0.328000000000
1529702893,674940.000000000000,0.069900000000
1529702893,674815.000000000000,0.010000000000
1529702894,674810.000000000000,0.072000000000
1529702894,674810.000000000000,0.039700000000
1529702894,674815.000000000000,0.010000000000
1529702894,674815.000000000000,0.050000000000
1529702894,674815.000000000000,0.009000000000
1529702897,674820.000000000000,0.001000000000
1529702897,674820.000000000000,0.010000000000
1529702897,674810.000000000000,0.050300000000
1529702897,674800.000000000000,0.038500000000
1529702897,674795.000000000000,0.450200000000
1529702899,674865.000000000000,0.069900000000
1529702900,674865.000000000000,0.055200000000
1529702900,674815.000000000000,0.059300000000
1529702900,674795.000000000000,0.107900000000
1529702900,674795.000000000000,0.050000000000
1529702900,674795.000000000000,0.153300000000
1529702900,674795.000000000000,0.999900000000
1529702901,674815.000000000000,0.017100000000
1529702901,674815.000000000000,0.005900000000
1529702901,674795.000000000000,0.751200000000
1529702901,674595.000000000000,0.054700000000
1529702904,674820.000000000000,0.011000000000
1529702904,674930.000000000000,0.079000000000
1529702904,674930.000000000000,0.089000000000
1529702908,674595.000000000000,0.050000000000
1529702908,674780.000000000000,0.022900000000
1529702908,674595.000000000000,0.100000000000
1529702909,674595.000000000000,0.300000000000
1529702909,674595.000000000000,0.300000000000
1529702909,674595.000000000000,0.803900000000
1529702909,674505.000000000000,0.000400000000
1529702909,674500.000000000000,0.000400000000
1529702909,674360.000000000000,0.010000000000
1529702909,674360.000000000000,0.017100000000
1529702909,674360.000000000000,0.020000000000
1529702909,674360.000000000000,0.020000000000
1529702909,674360.000000000000,0.007400000000
1529702909,674360.000000000000,0.007400000000
1529702909,674160.000000000000,0.154100000000
1529702909,674160.000000000000,0.193900000000
1529702909,674160.000000000000,0.022600000000
1529702909,674160.000000000000,0.022600000000
1529702909,674160.000000000000,0.193900000000
1529702909,674160.000000000000,0.154100000000
1529702909,674160.000000000000,0.022600000000
1529702909,674160.000000000000,0.140700000000
1529702914,674160.000000000000,0.013400000000
1529702914,674160.000000000000,0.033000000000
1529702915,674255.000000000000,0.059300000000
1529702918,674160.000000000000,0.100000000000
1529702919,674160.000000000000,0.021100000000
1529702919,674160.000000000000,0.078900000000
1529702919,674160.000000000000,0.060000000000
1529702919,674160.000000000000,0.015200000000
1529702919,674160.000000000000,0.034800000000
1529702919,674160.000000000000,0.119300000000
1529702923,674105.000000000000,0.020100000000
1529702923,674055.000000000000,0.100000000000
1529702923,674005.000000000000,0.000400000000
1529702923,674000.000000000000,0.000400000000
1529702923,674000.000000000000,0.001500000000
1529702923,673625.000000000000,0.209400000000
1529702923,673600.000000000000,0.021900000000
1529702923,673600.000000000000,0.115600000000
1529702923,673600.000000000000,0.053100000000
1529702923,673600.000000000000,0.062500000000
1529702923,673600.000000000000,0.010000000000
1529702923,673535.000000000000,0.161400000000
1529702923,673505.000000000000,0.000400000000
1529702923,673505.000000000000,0.154100000000
1529702923,673505.000000000000,0.154100000000
1529702923,673500.000000000000,0.000400000000
1529702925,673125.000000000000,0.157100000000
1529702925,673555.000000000000,0.350000000000
1529702925,673750.000000000000,0.005200000000
1529702925,673825.000000000000,0.329300000000
1529702925,673995.000000000000,0.000400000000
1529702925,674160.000000000000,0.180700000000
1529702925,674160.000000000000,0.100000000000
1529702925,674160.000000000000,0.475700000000
1529702925,674160.000000000000,0.429300000000
1529702925,674250.000000000000,0.250000000000
1529702925,674250.000000000000,0.095000000000
1529702925,674250.000000000000,0.100000000000
1529702925,674255.000000000000,0.163200000000
1529702925,674495.000000000000,0.000400000000
1529702925,674595.000000000000,0.329900000000
1529702926,673055.000000000000,0.010200000000
1529702929,673055.000000000000,0.051800000000
1529702929,673055.000000000000,0.062000000000
1529702929,673425.000000000000,0.046200000000
1529702933,673005.000000000000,0.000400000000
1529702933,673005.000000000000,0.005300000000
1529702933,673000.000000000000,0.000500000000
1529702933,673000.000000000000,0.001600000000
1529702933,672930.000000000000,0.400000000000
1529702933,672800.000000000000,0.100000000000
1529702933,672800.000000000000,0.115600000000
1529702933,672800.000000000000,0.115600000000
1529702933,672600.000000000000,0.185200000000
1529702933,672600.000000000000,0.004000000000
1529702933,672600.000000000000,0.014400000000
1529702933,672600.000000000000,0.439600000000
1529702933,672600.000000000000,0.111500000000
1529702933,672600.000000000000,0.099800000000
1529702933,672600.000000000000,0.050000000000
1529702933,672600.000000000000,0.036500000000
1529702933,672600.000000000000,0.100000000000
1529702933,672600.000000000000,0.550000000000
1529702933,672600.000000000000,0.099600000000
1529702933,672600.000000000000,0.049500000000
1529702933,672600.000000000000,0.005800000000
1529702933,672600.000000000000,0.175000000000
1529702933,672600.000000000000,0.984800000000
1529702937,672600.000000000000,0.113800000000
1529702937,672600.000000000000,0.100000000000
1529702937,672600.000000000000,0.113000000000
1529702937,672600.000000000000,0.400000000000
1529702937,672600.000000000000,0.006000000000
1529702938,672600.000000000000,0.113800000000
1529702938,672600.000000000000,0.060000000000
1529702939,672600.000000000000,0.020000000000
1529702939,672600.000000000000,0.144100000000
1529702942,672600.000000000000,0.002400000000
1529702947,672600.000000000000,0.000300000000
1529702947,672600.000000000000,0.281900000000
1529702947,672600.000000000000,0.050000000000
1529702947,672600.000000000000,0.001000000000
1529702948,673050.000000000000,0.000500000000
1529702948,673050.000000000000,0.010500000000
1529702948,673050.000000000000,0.001000000000
1529702948,673415.000000000000,0.020000000000
1529702948,673495.000000000000,0.000400000000
1529702948,673755.000000000000,0.112000000000
1529702948,673755.000000000000,0.046000000000
1529702950,673600.000000000000,0.010000000000
1529702958,673755.000000000000,0.017100000000
1529702958,673605.000000000000,0.050000000000
1529702958,673600.000000000000,0.020100000000
1529702958,673600.000000000000,0.062000000000
1529702958,673600.000000000000,0.390900000000
1529702959,673750.000000000000,0.020100000000
1529702959,673750.000000000000,0.020100000000
1529702959,673600.000000000000,0.112000000000
1529702959,673750.000000000000,0.050000000000
1529702965,673615.000000000000,0.100000000000
1529702965,673605.000000000000,0.050000000000
1529702965,673735.000000000000,0.000500000000
1529702967,673605.000000000000,0.010000000000
1529702967,673605.000000000000,0.050000000000
1529702973,673015.000000000000,0.010000000000
1529702973,673005.000000000000,0.000400000000
1529702973,673000.000000000000,0.004000000000
1529702980,672750.000000000000,0.053800000000
1529702980,672660.000000000000,0.042900000000
1529702980,672655.000000000000,0.003300000000
1529702985,672995.000000000000,0.016000000000
1529702985,672995.000000000000,0.053900000000
1529702985,672995.000000000000,0.016000000000
1529702985,672755.000000000000,0.010000000000
1529702985,672755.000000000000,0.010000000000
1529702985,672660.000000000000,0.026000000000
1529702988,672955.000000000000,0.030000000000
1529702988,673000.000000000000,0.835800000000
1529702988,673000.000000000000,0.017100000000
1529702989,673000.000000000000,0.353300000000
1529702989,673000.000000000000,0.004000000000
1529702989,673485.000000000000,0.002300000000
1529702994,673495.000000000000,0.000400000000
1529702995,673500.000000000000,0.000500000000
1529702995,673600.000000000000,0.061500000000
1529702995,673495.000000000000,0.016700000000
1529702995,673060.000000000000,0.014300000000
1529702996,673495.000000000000,0.000400000000
1529702997,673485.000000000000,0.000400000000
1529702997,673485.000000000000,0.000400000000
1529702997,673060.000000000000,0.003800000000
1529702997,673000.000000000000,0.073300000000
1529703000,673485.000000000000,0.000400000000
1529703001,673000.000000000000,0.050000000000
1529703001,673000.000000000000,0.000500000000
1529703002,673000.000000000000,0.069900000000
1529703002,672995.000000000000,0.050000000000
1529703002,672995.000000000000,0.010000000000
1529703002,672995.000000000000,0.021000000000
1529703002,673000.000000000000,0.043900000000
1529703007,673060.000000000000,0.100000000000
1529703007,673060.000000000000,1.355000000000
1529703007,673005.000000000000,0.000400000000
1529703007,672955.000000000000,0.030000000000
1529703007,672680.000000000000,0.032000000000
1529703008,672680.000000000000,0.062000000000
1529703009,672675.000000000000,0.210000000000
1529703009,672625.000000000000,0.000300000000
1529703009,672600.000000000000,0.448700000000
1529703009,672600.000000000000,0.016000000000
1529703009,672995.000000000000,0.031400000000
1529703009,672995.000000000000,0.000300000000
1529703013,672600.000000000000,0.034000000000
1529703013,672600.000000000000,0.010000000000
1529703015,672505.000000000000,0.000400000000
1529703015,672500.000000000000,0.000400000000
1529703015,672500.000000000000,0.008600000000
1529703015,672300.000000000000,0.050000000000
1529703015,672010.000000000000,0.040600000000
1529703023,672010.000000000000,0.064900000000
1529703023,672005.000000000000,0.000400000000
1529703023,672000.000000000000,0.001600000000
1529703023,672000.000000000000,0.000500000000
1529703023,672000.000000000000,0.010000000000
1529703023,672000.000000000000,1.922600000000
1529703023,672000.000000000000,0.077400000000
1529703023,671945.000000000000,0.004300000000
1529703027,672160.000000000000,0.100000000000
1529703027,672160.000000000000,0.020000000000
